3038 5623
619 810 760 882 56⁰
1316 813 1723 889 chmifflr.
1777 830 2061 877 murm.
2172 844 2176 849 ·

697 974 885 1053 Veni,
910 973 1170 1039 Creator
1194 972 1492 1053 Spiritu&

697 1147 785 1209 Et
808 1145 1044 1208 dicitur
1072 1151 1238 1207 totus
1264 1151 1334 1206 ut
1364 1160 1584 1222 supra.
1624 1144 1821 1221 Quem
1846 1143 2061 1206 schola
2094 1143 2524 1225 prosequitur,
2571 1150 2636 1205 ut
2676 1143 2735 1206 in

609 1262 825 1343 primo
855 1261 977 1324 die.
1018 1259 1236 1322 Finito
1262 1259 1477 1339 primo
1518 1275 1726 1336 versu,
1756 1257 2059 1339 Pontifex
2086 1259 2319 1338 surqit,
2349 1266 2517 1322 stans
2543 1277 2739 1322 versus

618 1377 704 1441 ad
733 1376 959 1452 altare,
992 1373 1217 1437 detecto
1248 1373 1445 1454 capite
1478 1390 1671 1454 usque
1712 1372 1798 1436 ad
1825 1373 2007 1456 finem
2042 1374 2282 1454 hymni.
2318 1374 2533 1438 Simili
2574 1375 2742 1438 modo

616 1492 848 1572 facient
876 1507 1079 1553 omnes
1105 1488 1243 1553 alii.
1279 1490 1549 1569 Expleta
1590 1489 1844 1568 hymno,
1880 1506 2085 1551 omnes
2117 1488 2364 1553 sedeant
2390 1491 2461 1552 in
2489 1490 2741 1553 silentio.
2856 1473 2861 1480 ’

618 1610 776 1670 Tum
808 1604 1099 1685 Pontifex
1126 1604 1334 1667 sedens
1377 1604 1447 1666 in
1483 1603 1619 1666 sede
1654 1602 1965 1684 praedicta
2009 1622 2149 1667 cum
2195 1606 2415 1684 mitra,
2454 1606 2742 1687 synodum

616 1721 711 1785 his
740 1720 942 1784 verbis
976 1720 1349 1801 alloquitur,
1378 1719 1433 1781 si
1460 1719 1606 1782 velit
1634 1739 1660 1781 .·

694 1911 1107 1976 venerabiles
1136 1912 1200 1975 et
1224 1910 1624 1974 dilectissimi
1656 1911 1885 1974 fratres
1914 1910 2138 1988 nostri,
2184 1913 2433 1992 oportet
2479 1913 2557 1975 ut
2600 1912 2750 1975 sicut

617 2028 916 2092 hesterna
952 2026 1056 2090 die
1092 2024 1554 2090 admonuimus
1590 2025 1943 2107 benignam
1995 2027 2578 2091 mansuetudinem
2615 2045 2749 2091 ves-

616 2145 813 2219 tram,
841 2142 920 2205 de
943 2140 1183 2205 divinis
1206 2141 1459 2219 officiiS,
1482 2142 1548 2204 et
1583 2140 1780 2205 sacris
1812 2141 2032 2205 altaris
2061 2141 2394 2223 gradibus,
2425 2142 2545 2205 aut
2572 2142 2756 2206 etiam

616 2258 695 2322 de
710 2258 1025 2336 moribus,
1038 2260 1102 2321 et
1121 2256 1608 2321 necessitatibus
1625 2255 2090 2332 ecclesiasticiS,
2109 2274 2538 2339 quaecumque
2553 2274 2759 2320 emen-

616 2373 833 2437 danda
860 2373 962 2436 vel
999 2372 1374 2436 renovanda
1410 2374 1589 2450 sunt,
1627 2371 1904 2435 charitas
1931 2372 2236 2434 omnium
2264 2374 2588 2451 vestrum,
2619 2372 2755 2435 ubi-

617 2506 901 2569 cumque
944 2487 1197 2552 noverit
1233 2487 1453 2570 aliqua
1498 2486 1950 2550 emendatione
1989 2486 2313 2568 condigna
2355 2487 2426 2550 in
2470 2487 2757 2552 medium

616 2603 904 2685 proferre
952 2621 1085 2666 non
1143 2602 1432 2684 ambigat
1444 2621 1464 2683 3
1513 2604 1585 2665 ut
1633 2620 1746 2683 per
1788 2604 2018 2666 vestrae
2064 2602 2397 2667 charitatis
2444 2603 2755 2682 studium,

618 2718 890 2782 Domino
916 2717 1225 2799 largiente
1268 2716 1348 2780 ad
1386 2716 1708 2798 optimum
1763 2718 2145 2798 perveniant
2180 2720 2446 2798 statum,
2497 2721 2583 2784 ad
2617 2721 2754 2783 lau·

617 2831 767 2897 dem
794 2834 860 2896 et
881 2832 1153 2913 gloriam
1185 2833 1472 2897 nominis
1494 2838 1647 2898 Jesu
1673 2834 1907 2899 Christi
1936 2836 2194 2900 Domini
2219 2837 2447 2901 nostri.

695 3038 847 3098 Post
887 3034 1324 3097 allocutionem
1364 3034 1763 3116 hujusmodi,
1804 3036 1902 3099 vel
1942 3036 2165 3116 prius,
2211 3037 2267 3099 si
2310 3037 2514 3118 maqis
2560 3038 2756 3119 placet

618 3151 929 3232 Pontifici,
961 3149 1034 3230 fit
1065 3167 1264 3213 sermo
1296 3168 1416 3230 per
1444 3150 1719 3232 aliquem
1757 3150 2008 3215 doctum
2043 3152 2361 3229 idoneum,
2391 3153 2460 3214 in
2489 3172 2614 3234 quo
2649 3156 2758 3216 ite-

617 3283 762 3329 rum
805 3271 1099 3327 tractetur
1145 3264 1218 3327 de
1259 3264 1595 3345 disciplina
1634 3264 2039 3329 ecclesiastica
2084 3273 2142 3329 et
2192 3266 2369 3344 aliis,
2413 3265 2490 3329 ‘de
2540 3268 2754 3349 quibus

618 3379 906 3461 Pontifici
926 3378 1250 3443 videbitur.
1284 3380 1515 3442 Deinde
1539 3381 2026 3444 Archidiaeonus
2061 3380 2200 3443 alta
2224 3399 2367 3444 voce
2392 3381 2536 3463 leqit
2569 3401 2754 3464 apos-

620 3494 834 3556 tolicas
864 3494 1319 3556 constitutiones
1358 3494 1446 3557 ibi
1470 3512 1601 3557 non
1631 3497 2088 3576 promulqatas,
2121 3497 2217 3559 vel
2244 3497 2406 3561 alias
2434 3516 2559 3579 pro
2585 3503 2751 3563 Pon-

621 3607 801 3689 tificis
824 3607 1112 3670 arbitrio.
1130 3609 1267 3686 Quo
1284 3609 1488 3690 finito,
1514 3610 1804 3690 lequntur
1826 3611 2293 3675 constitutiones
2317 3630 2431 3692 per
2449 3612 2751 3692 synodum

620 3722 1077 3803 approbandoe;
1104 3723 1322 3804 quibus
1346 3725 1539 3801 lectis,
1570 3725 1776 3789 habito
1806 3728 2136 3803 scrutinio,
2167 3745 2309 3809 quoe
2337 3728 2615 3808 placent,
2641 3746 2749 3808 per

616 3841 835 3903 Patres
869 3838 1344 3919 confirmantur.
1375 3840 1497 3903 His
1532 3842 1821 3920 peractis,
1850 3843 2143 3925 Pontifex
2169 3861 2429 3925 surqens
2462 3844 2748 3908 benedicit

618 3953 897 4016 omnibus
919 3953 1269 4017 solemniter
1297 3962 1366 4016 ut
1396 3955 1551 4017 heri.
1588 3956 1819 4020 Deinde
1843 3975 2044 4021 omnes
2075 3958 2414 4022 discedunt.

699 4068 811 4131 Die
844 4069 1030 4132 tertia
1048 4115 1070 4147 ,
1099 4071 1493 4133 conventione
1519 4071 1692 4154 facta
1731 4073 1800 4134 in
1831 4072 2101 4151 ecclesia,
2139 4076 2314 4156 finita
2344 4075 2558 4152 missa,
2589 4079 2749 4140 Pon-

623 4181 779 4263 tifex
791 4191 1058 4262 paratus
1085 4190 1155 4249 ut
1196 4186 1347 4263 lteri,
1373 4186 1797 4251 assistentibus
1843 4188 1963 4252 sibi
2011 4188 2267 4252 diacono
2295 4197 2349 4253 et
2378 4190 2747 4254 subdiacono

616 4297 887 4378 paratis,
933 4300 1294 4380 qenuflexus
1335 4300 1404 4363 in
1432 4301 1787 4382 faldistorio
1827 4302 2026 4385 juxta
2075 4303 2438 4385 inferiorem
2486 4305 2744 4387 qradum

620 4418 762 4476 ante
789 4410 1059 4475 medium
1080 4414 1303 4478 altaris
1321 4415 1434 4479 sibi
1447 4425 1699 4497 parato,
1730 4416 2009 4500 deposita
2025 4420 2243 4499 mitra,
2267 4421 2514 4503 incipit,
2541 4421 2742 4486 schola

612 4536 1044 4611 prosequente,
1070 4531 1484 4613 antiphonam
1517 4557 1541 4596 .-
