3038 5623
660 819 754 890 90
1365 818 1740 884 nnnxn‘zmz
1797 834 2078 881 mann.

1407 1535 1849 1609 CHAPITRE
1911 1534 2030 1608 iv.

755 1870 818 1915 sl
891 1843 1572 1916 L’mTERPmiTATloN
1646 1871 1771 1916 nas
1833 1855 2138 1916 micans
2218 1869 2318 1915 nn
2396 1866 2695 1914 coneum

890 2002 1321 2049 Pnovmcmr„
1347 2004 1789 2050 APPARTIENT
1815 2003 1912 2048 ΑΗ
1945 1987 2562 2049 Mlti-Romnum.

739 2578 832 2638 On
865 2573 1189 2656 distingue
1225 2593 1305 2638 en
1345 2575 1514 2639 droit
1539 2576 1710 2639 deux
1738 2577 1939 2640 sortes
1973 2574 2585 2656 d'interpretationS,
2626 2574 2783 2639 celle

658 2691 774 2775 qui
805 2690 922 2753 fait
941 2690 1056 2768 loi,
1078 2690 1145 2753 et
1167 2690 1362 2772 qu'on
1388 2708 1653 2754 nomme
1674 2691 2031 2774 juridique,
2055 2693 2120 2755 et
2142 2691 2300 2755 celle
2324 2691 2438 2773 qui
2464 2690 2575 2754 n’a
2608 2689 2792 2771 point

656 2807 737 2871 de
761 2806 989 2871 valeur
1003 2805 1356 2889 juridique,
1391 2807 1455 2871 et
1476 2806 1674 2889 qu'on
1701 2825 1966 2871 nomme
1990 2807 2395 2887 eoepositoria.
2435 2807 2612 2871 Cette
2640 2805 2789 2869 der-

659 2921 839 2987 niere
863 2922 1026 2985 n'est
1047 2910 1233 2986 autre
1261 2940 1391 3005 que
1408 2921 1835 3003 l'explication
1858 2922 2009 2986 faite
2038 2942 2152 3003 par
2172 2921 2422 2987 chacun
2449 2939 2721 2987 comme
2751 2918 2796 2983 il

656 3037 944 3103 l'entend
971 3037 1062 3101 du
1089 3038 1254 3101 texte
1282 3037 1362 3101 de
1390 3039 1453 3101 la
1482 3037 1569 3102 loi
1603 3038 1705 3120 (1).
1735 3042 1904 3102 Dans
1933 3039 1996 3102 la
2022 3038 2321 3120 question
2346 3036 2458 3120 qui
2490 3055 2669 3102 nous
2693 3054 2808 3100 oe-

656 3171 841 3234 cupe,
868 3154 915 3217 il
934 3154 1122 3235 s'agit
1140 3153 1221 3217 de
1242 3152 1776 3234 l'interpretation
1796 3153 2150 3235 juridique.
2173 3157 2229 3217 A
2252 3152 2365 3235 qui
2393 3153 2808 3233 appartient-

657 3270 780 3332 elle
795 3274 822 3330 i

741 3384 912 3447 [lest
948 3383 1190 3446 certain
1218 3382 1724 3464 premierement
1750 3383 1983 3465 qu'elle
2025 3382 2387 3463 appartient
2413 3400 2498 3446 au
2532 3382 2799 3446 concile

722 3681 781 3744 (1)
807 3680 1021 3741 Vulgata
1044 3680 1214 3745 regula
1238 3680 1371 3744 quod
1395 3682 1502 3744 ejus
1525 3688 1592 3731 est
1612 3682 1948 3744 interpretari
1969 3683 2114 3745 cujus
2144 3688 2214 3732 est
2231 3683 2455 3733 condere.
2484 3684 2802 3748 Interpreta-

654 3772 805 3820 tionis
843 3774 1015 3820 tamen
1063 3769 1244 3833 duplex
1287 3773 1475 3834 species
1501 3767 1902 3834 est,'necessaria
1924 3785 2040 3830 una,
2068 3784 2223 3834 quam
2259 3773 2689 3823 auctoritativam
2717 3784 2809 3835 ap-

652 3857 809 3922 pellat
831 3859 1096 3910 cardinalis
1116 3859 1404 3910 Jacobatius
1435 3863 1617 3923 (Tr-act.
1654 3863 1712 3911 de
1735 3861 1976 3925 οοηοίῑιϊε,
2005 3874 2117 3924 cap.
2151 3861 2244 3923 16),
2269 3865 2319 3911 et
2345 3865 2420 3911 est
2440 3875 2560 3923 quae
2603 3865 2637 3913 a
2662 3865 2807 3927 prin-

656 3950 765 4011 cipe
789 3952 846 3997 ut
868 3951 1112 4013 principe,
1138 3948 1217 3999 vel
1249 3951 1277 3999 a
1309 3949 1591 4012 legislatore
1614 3954 1671 3999 ut
1692 3950 1780 4000 tali
1804 3955 2008 4000 emanat
2034 3967 2048 3997 z
2072 3963 2173 4000 non
2198 3953 2478 4001 necessaria
2499 3951 2688 4016 altera,
2722 3950 2811 4001 sed

654 4036 926 4098 probabilis
943 4042 1162 4102 tantum,
1188 4052 1341 4100 quam
1365 4039 1596 4089 nonnulli
1618 4038 1945 4088 doctrinalem
1967 4043 2279 4101 nuncupant,
2300 4040 2431 4088 sicut
2452 4044 2530 4089 est
2555 4043 2817 4104 interpre-

653 4126 776 4173 tatio
817 4125 1100 4186 glossarum
1140 4133 1188 4176 et
1228 4130 1607 4189 magistrorum.
1631 4129 1802 4177 Prima
1832 4127 1988 4176 habet
2022 4129 2127 4176 vim
2154 4128 2274 4189 legis
2298 4130 2350 4177 et
2386 4127 2505 4178 facit
2524 4130 2636 4192 jue,
2662 4132 2812 4190 cique

654 4218 792 4263 stare
835 4214 1046 4274 quilibet
1084 4214 1431 4277 adstringitur,
1479 4219 1532 4265 et
1554 4221 1747 4265 certum
1788 4220 1864 4265 est
1899 4214 2031 4277 quod
2055 4216 2165 4265 haec
2186 4215 2350 4265 solum
2371 4215 2518 4265 debet
2548 4222 2606 4265 et
2649 4217 2815 4279 potoet

654 4302 919 4367 procedere
943 4302 1076 4351 unde
1093 4306 1178 4362 jus
1199 4305 1371 4366 ipsum
1389 4304 1594 4367 prodsst.
1615 4303 1848 4354 Secunda
1872 4306 1978 4353 vim
2004 4303 2130 4367 legis
2153 4318 2255 4354 non
2278 4305 2448 4369 habet,
2467 4318 2568 4355 nee
2592 4304 2814 4367 paren&

654 4392 849 4442 inducit
872 4393 1237 4456 necessitatem,
1263 4393 1352 4443 sed
1375 4397 1574 4443 tantum
1597 4393 1997 4456 probabilitatem
2026 4393 2164 4453 facit.
2191 4399 2241 4444 et
2265 4396 2294 4444 a
2318 4396 2579 4457 magistris
2620 4408 2733 4444 non
2756 4394 2816 4442 fit

659 4482 1026 4543 auctoritative,
1041 4494 1159 4530 cum
1178 4495 1327 4531 nemo
1348 4484 1409 4531 sit
1432 4483 1704 4533 adstrictus
1722 4486 1853 4532 stare
1873 4482 2033 4532 verbis
2054 4485 2300 4545 magistri.
2319 4482 2609 4547 (Cavalieri,
2641 4484 2814 4547 Opera

657 4568 914 4634 litui-yae,
942 4574 979 4619 t.
1004 4569 1044 4634 1,
1067 4568 1284 4634 praefat„
1305 4583 1419 4633 pag.
1445 4584 1531 4621 vn.
1556 4572 1793 4633 Augustae
1816 4570 2208 4631 vindelicorum,
2238 4573 2393 4633 1764.)
