3038 5623
1011 713 1499 774 clinnMomAL.
2157 714 2295 783 563

168 885 285 948 que
304 869 449 932 aliis
473 868 753 934 omnibus
776 871 844 933 in
861 872 989 935 suis
1009 873 1371 956 oenusleoeis,
1389 876 1632 957 incipit,
1652 877 1862 940 schola
1869 889 2303 962 prosequente,

171 983 467 1063 hymnum
489 1009 513 1049 .-

250 1155 436 1234 Veni,
470 1156 727 1220 Creator
746 1156 1039 1237 Spiritus.

254 1325 339 1387 Et
351 1323 582 1387 dicitur
596 1332 784 1402 totus,
810 1331 881 1387 ut
897 1342 1114 1405 supra.
1133 1325 1345 1388 Finito
1359 1326 1572 1407 primo
1591 1345 1794 1408 versu,
1826 1330 2145 1412 Pontiseoe,
2174 1351 2312 1396 sur-

173 1456 339 1517 qens,
364 1447 489 1502 stat
508 1457 718 1503 versus
744 1439 827 1503 ad
854 1442 1079 1517 altare,
1104 1441 1328 1503 detecto
1352 1441 1546 1521 capite
1570 1460 1757 1523 usque
1775 1443 1859 1506 ad
1877 1444 2055 1527 finem
2070 1447 2306 1527 hymni.

174 1555 382 1619 Simili
403 1554 586 1618 modo
615 1554 852 1637 faciunt
884 1574 1085 1618 omnes
1117 1557 1254 1619 alii.
1286 1556 1558 1637 Expleto
1591 1558 1846 1638 hymnO,
1870 1579 2075 1624 omnes
2107 1563 2316 1628 sedent

175 1669 245 1732 in
264 1670 531 1732 silentio.
570 1674 741 1734 Tunc
761 1672 1057 1753 Pontifeoe
1069 1717 1091 1748 ,
1123 1672 1329 1735 sedens
1359 1673 1429 1735 in
1451 1673 1583 1736 sede
1603 1676 1908 1754 praedicta
1930 1696 2073 1740 cum
2099 1680 2313 1757 mitra,

175 1786 500 1848 concilium
545 1805 651 1848 seu
700 1787 1005 1866 synodum
1058 1789 1151 1849 his
1186 1788 1385 1850 verbis
1416 1788 1765 1870 alloquitur
1784 1793 1843 1854 si
1884 1794 2049 1856 velit.
2084 1796 2318 1857 Poterit

177 1909 379 1965 tamen
408 1903 769 1984 huiusmodi
803 1903 1243 1966 allocutionem
1286 1906 1584 1983 omittere,
1620 1914 1673 1968 et
1703 1907 1871 1987 quod
1900 1907 2032 1989 ejus
2066 1909 2230 1989 loco,
2261 1912 2318 1974 si

173 2017 457 2097 placebit,
486 2036 602 2098 per
636 2019 905 2098 aliquem
937 2019 1184 2082 doctum
1220 2020 1538 2096 idoneum,
1582 2021 1654 2109 de
1695 2021 1790 2085 his
1823 2024 1932 2104 qui
1967 2024 2037 2086 in
2072 2026 2314 2089 allocu⁴

181 2133 343 2195 tione
371 2134 783 2210 continentur,
816 2141 870 2197 et
912 2134 1057 2197 aliis
1080 2135 1474 2216 opportunis,
1502 2154 1704 2199 sermo
1737 2138 1849 2218 fiat
1889 2142 2261 2203 committere
2292 2164 2313 2202 .-

254 2318 663 2382 Venerabiles
694 2321 759 2382 et
786 2318 1180 2383 dilectissimi
1226 2321 1481 2397 fratreS,
1516 2323 1822 2386 convenit
1858 2325 1933 2386 ut
1965 2343 2039 2387 ea
2069 2343 2212 2407 quae
2240 2324 2320 2390 de

177 2433 619 2497 ecclesiasticis
664 2434 916 2512 officiis,
954 2437 1019 2498 et
1068 2436 1570 2500 sacerdotalibus
1621 2438 1947 2519 gradibus,
1989 2441 2090 2503 vel
2119 2441 2318 2504 etiam

174 2549 499 2613 canonicis
542 2550 1005 2630 sanctionibus,
1049 2552 1310 2632 propter
1346 2551 1628 2616 diversas
1684 2556 2154 2636 occupationeS,
2206 2559 2320 2620 aut

174 2663 370 2745 (quod
400 2683 637 2746 negare
679 2684 813 2729 non
854 2669 1214 2747 possumus)
1268 2669 1529 2748 propter
1579 2671 1872 2734 nostram
1905 2671 2318 2754 aliorumque

174 2780 513 2861 desidiam,
544 2800 673 2846 non
707 2785 925 2847 tamen
952 2785 1138 2865 plene
1156 2784 1225 2847 ut
1252 2786 1503 2865 oportet
1526 2786 1790 2849 executa
1821 2788 1997 2865 sunt,
2015 2788 2317 2852 omnium

173 2899 473 2960 nostrum
509 2899 809 2962 unanimi
835 2918 1149 2963 consensu
1173 2901 1237 2964 et
1254 2901 1618 2979 voluntate,
1648 2902 2094 2983 requirantur,
2115 2905 2180 2966 et
2199 2905 2318 2967 hu-

172 3014 419 3077 militer
468 3031 686 3077 coram
741 3015 1050 3078 charitate
1100 3018 1312 3079 vestra
1360 3017 1717 3079 recitentur
1741 3037 1762 3097 3
1811 3018 1885 3078 ut
1933 3036 2079 3099 quae
2117 3018 2316 3099 digna

173 3131 329 3193 sunt
369 3130 823 3193 emendatione
868 3130 943 3191 ad
990 3130 1326 3193 meliorem
1363 3132 1602 3193 statum
1640 3131 1990 3194 auxiliante
2040 3132 2316 3196 Domino

168 3244 632 3323 perducantur.
678 3245 754 3307 Et
794 3245 899 3307 cui
923 3245 1185 3308 fortasse
1233 3245 1478 3327 aliquid
1507 3245 1679 3326 quod
1708 3245 2032 3327 digestum
2057 3249 2153 3309 est
2180 3247 2311 3309 dis-

170 3357 387 3439 plicet,
410 3359 706 3422 charitati
736 3361 963 3422 vestrae
987 3378 1138 3423 cum
1159 3360 1558 3441 benignitate
1587 3363 1650 3423 et
1681 3361 1988 3424 modestia
2014 3362 2314 3426 intimare

171 3491 305 3536 non
339 3474 604 3552 differat,
637 3475 957 3556 quatenus
981 3476 1191 3539 totum
1213 3475 1383 3558 quod
1400 3476 1692 3558 synodali
1720 3478 2143 3541 conventione
2169 3496 2316 3541 nos-

170 3590 277 3652 tra
301 3591 614 3653 statutum
650 3591 841 3654 tuerit
868 3592 970 3654 vel
1000 3593 1407 3670 renovatum,
1452 3594 1692 3674 absque
1730 3594 1912 3656 omni
1957 3595 2314 3657 contrarie-

170 3706 329 3784 tate,
358 3706 697 3769 concordia
738 3708 972 3769 sanctae
1021 3706 1193 3787 pacis
1225 3708 1305 3770 ab
1336 3707 1645 3770 omnibus
1674 3725 1855 3788 aeque
1894 3708 2316 3788 custodiatur,

170 3838 250 3883 ac
286 3822 620 3900 teneatur,
663 3820 743 3884 ad
782 3823 1215 3902 augmentum
1256 3825 1515 3886 aeternae
1558 3822 1972 3886 beatitudinis
2013 3823 2315 3886 omnium

169 3936 497 3998 nostrum.

255 4117 409 4178 Post
442 4116 566 4177 lioec
601 4116 892 4196 leyuntur
918 4117 1385 4179 constitutiones
1407 4166 1423 4191 ,
1458 4116 1513 4178 si
1555 4133 1691 4197 quae
1726 4115 1855 4177 sint
1874 4133 1994 4195 per
2012 4115 2314 4195 synodum

168 4230 599 4309 approbandoe
611 4250 639 4309 ,·
652 4230 871 4311 quibus
899 4210 1086 4305 lectis,
1120 4237 1175 4292 et
1192 4248 1301 4310 per
1326 4235 1570 4306 Patres,
1596 4231 1650 4293 si
1667 4230 1887 4309 placet,
1908 4232 2314 4312 confirmatis,

54 4398 62 4402 ,
168 4352 359 4425 atque
374 4345 658 4408 omnibus
684 4346 1051 4421 terminatis,
1076 4346 1400 4425 Pontifeae,
1416 4346 1630 4408 sedens
1646 4364 1783 4407 cum
1804 4347 2016 4422 mit-ra,
2035 4347 2314 4409 omnium

168 4460 563 4525 orationibus
599 4478 660 4523 se
687 4461 1092 4524 commendat.
1140 4462 1369 4525 Deinde
1403 4461 1695 4543 lequntur
1734 4464 1990 4525 nomina
2036 4462 2314 4525 omnium
