3038 5623
609 789 753 859 300
1319 792 1711 858 ‘mmslknnz
1757 808 2042 858 PARTIB.

611 951 850 1028 nodus,
880 952 945 1015 et
986 951 1456 1017 contumeliose
1497 954 1734 1035 agatur
1768 971 1921 1016 cum
1949 951 2194 1033 judice,
2227 951 2417 1032 cujus
2433 948 2723 1032 judicium

602 1068 690 1132 ab
739 1067 882 1131 aliis
927 1067 1360 1131 examinatur.
1392 1091 1424 1127 ιι

685 1187 739 1248 Α
765 1185 927 1248 cette
958 1182 1328 1247 accusation
1371 1184 1648 1248 Jules1··
1692 1181 1983 1265 opposait
2008 1182 2171 1265 qu’il
2197 1181 2437 1246 n'avait
2472 1181 2584 1245 fait
2621 1197 2728 1263 que

602 1299 822 1363 suivre
876 1299 970 1363 les
1029 1299 1261 1362 statuts
1305 1298 1741 1381 apostoliques
1796 1298 1861 1362 et
1910 1315 1984 1362 ce
2038 1296 2151 1380 qui
2212 1296 2421 1361 s'etait
2471 1297 2731 1377 toujours

606 1413 905 1498 pratique
935 1434 951 1478 :
993 1418 1402 1496 «Nunquam
1433 1432 1582 1478 mea
1625 1414 1861 1478 statuta
1872 1412 1999 1488 ,sed
2053 1413 2398 1494 apostolica
2423 1414 2499 1476 ut
2548 1411 2734 1476 essent

603 1548 866 1612 semper
908 1530 1169 1593 firmata
1209 1529 1274 1592 et
1309 1528 1626 1593 custodita
1670 1528 1943 1610 perfeci,
1991 1528 2247 1593 secutus
2288 1546 2543 1592 morem
2582 1525 2732 1591 ordi-

610 1662 895 1726 nemque
923 1646 1279 1726 majorum‚
1308 1643 1476 1707 nihil
1504 1644 1652 1707 addi
1673 1642 2072 1726 episcopatui
2110 1643 2298 1707 urhis
2321 1648 2561 1721 Romae,
2587 1637 2733 1704 nihil

606 1759 823 1823 minui
850 1776 1076 1839 passus
1117 1776 1291 1823 sum.
1326 1781 1360 1820 »
1393 1759 1625 1840 (Epist.
1657 1763 1743 1839 1.)

688 1876 847 1952 Quel
869 1877 966 1938 est
985 1892 1101 1938 sur
1129 1893 1200 1939 ce
1222 1874 1476 1956 pointle
1491 1876 1837 1956 jugement
1854 1876 1971 1940 des
1988 1875 2176 1940 Peres
2197 1875 2279 1941 de
2292 1875 2640 1958 Sardique‘!
2666 1869 2737 1934 tls

606 1990 954 2072 regardent
974 2008 1230 2054 comme
1248 1991 1583 2055 tellement
1604 1991 1757 2054 hors
1775 1990 1856 2056 de
1890 1990 2086 2054 doute
2111 2009 2239 2073 que
2265 1991 2329 2056 la
2347 1988 2642 2054 conduite
2661 1983 2737 2047 du

607 2110 773 2187 Pape
816 2124 855 2169 a
885 2104 984 2169 ete
1019 2106 1353 2169 conforme
1388 2104 1427 2170 a
1468 2106 1536 2169 la
1562 2103 1879 2170 veritable
1931 2106 2111 2187 regie
2162 2105 2243 2170 de
2289 2106 2572 2186 l’Eglise‚
2605 2115 2733 2184 que,

607 2221 770 2284 dans
799 2221 945 2284 leur
983 2221 1171 2285 lettre
1209 2239 1337 2284 aux
1362 2220 1653 2304 Eveques
1694 2220 1773 2284 de
1816 2221 1991 2285 toute
2022 2222 2087 2284 la
2122 2220 2518 2299 catholicite,
2548 2218 2626 2281 ils
2661 2213 2743 2278 si-

607 2337 874 2417 gnalent
913 2354 1171 2401 comme
1216 2336 1576 2418 principale
1606 2355 1847 2418 preuve
1882 2337 1962 2401 de
2017 2336 2444 2418 l’egarement
2488 2334 2595 2398 des
2626 2334 2743 2393 Eu·-

603 2449 863 2514 sebiens
907 2451 1053 2514 leur
1097 2450 1405 2516 rebellion
1441 2451 1479 2515 a
1527 2450 1773 2533 l’egard
1813 2451 1892 2515 de
1931 2451 2145 2531 Jules‚
2192 2450 2586 2515 c’est-a—dire
2618 2447 2747 2509 leur

605 2566 787 2630 retus
813 2565 893 2629 de
913 2584 980 2629 se
1004 2567 1239 2630 rendre
1270 2566 1309 2630 a
1332 2585 1401 2630 sa
1443 2567 1711 2631 citation
1744 2567 1811 2631 et
1856 2566 1938 2630 de
1969 2566 2153 2630 subir
2203 2583 2322 2630 son
2368 2561 2746 2647 jugement:

616 2703 649 2740 «
679 2681 1194 2745 Eusebianorum
1227 2682 1649 2764 sycophantia
1675 2699 1753 2745 ex
1782 2700 1860 2746 eo
1887 2681 2203 2763 praecipuc
2237 2680 2540 2761 cognosci
2564 2672 2749 2759 potuit

608 2795 809 2878 quod,
855 2796 1146 2860 accersiti
1191 2814 1230 2861 a
1251 2795 1486 2861 dilecto
1519 2798 1739 2861 nostro
1784 2796 2234 2861 comministro
2273 2795 2475 2875 Julio,
2523 2789 2749 2877 judicio

608 2928 742 2976 non
782 2911 1100 2975 steterint.
1131 2935 1161 2970 n

691 3031 791 3091 Au
824 3028 1018 3106 reste,
1055 3029 1149 3092 les
1182 3026 1532 3091 Eusebiens
1567 3046 1651 3091 ne
1684 3028 2050 3092 soutinrent
2085 3046 2339 3093 comme
2378 3027 2746 3091 irreforma-

607 3144 746 3207 hles
783 3162 910 3226 que
950 3144 1044 3207 les
1087 3144 1421 3207 sentences
1456 3142 1569 3207 des
1617 3144 1894 3208 conciles
1933 3144 2341 3225 patriarcaux
2376 3146 2448 3208 et
2485 3159 2618 3206 non
2654 3137 2751 3202 des

605 3259 886 3323 conciles
922 3259 1369 3340 provinciaux,
1402 3276 1659 3322 comme
1690 3259 1750 3323 le
1779 3261 2101 3340 prouvent
2131 3260 2308 3323 leurs
2338 3274 2620 3339 propres
2652 3252 2758 3317 let·

606 3374 760 3437 tres.
794 3376 870 3436 Et
895 3374 984 3437 tel
1014 3392 1051 3437 a
1080 3375 1372 3455 toujours
1399 3372 1498 3438 ete
1528 3375 1702 3439 aussi
1731 3375 1791 3439 le
1820 3375 2178 3439 sentiment
2203 3374 2313 3438 des
2340 3375 2600 3457 Eglises
2625 3368 2754 3434 d’o-

608 3487 782 3550 rient
809 3486 1097 3568 separees
1134 3506 1252 3568 par
1285 3489 1350 3552 le
1390 3488 1669 3553 schisme
1696 3489 1774 3553 de
1802 3489 2089 3567 Photius,
2119 3507 2373 3553 comme
2404 3490 2471 3554 le
2510 3485 2757 3551 montre

606 3603 795 3667 entre
824 3604 1040 3667 autres
1071 3622 1142 3667 ce
1172 3622 1437 3686 passage
1469 3604 1561 3667 du
1590 3604 2052 3687 schismatique
2083 3623 2231 3687 grec
2258 3604 2606 3669 Theodore
2633 3598 2760 3665 Bal-

606 3734 879 3780 samon:
920 3720 1174 3799 «Hujus
1209 3720 1476 3783 canonis
1513 3720 1603 3798 (le
1642 3729 1702 3782 5⁰
1734 3719 1815 3784 de
1845 3719 2183 3802 Sardique)
2219 3719 2483 3784 decreto
2521 3710 2762 3783 summi

605 3832 962 3897 sacerdotes
994 3834 1277 3915 antiquae
1312 3838 1525 3898 Romae
1554 3835 1623 3897 in
1652 3852 2068 3918 quacumque
2096 3852 2294 3898 causa
2324 3835 2408 3897 ab
2438 3827 2789 3915 Episcopis'

608 3948 1130 4027 provocationem
1169 3948 1248 4011 ad
1287 3949 1456 4030 ipsos
1493 3948 1634 4013 dari
1662 3951 1932 4030 jactant,
1974 3967 2048 4013 ac
2085 3948 2396 4014 eumdem
2437 3949 2519 4012 in
2559 3946 2768 4028 prima

607 4061 864 4125 Nicaena
888 4063 1132 4143 synodo
1153 4063 1489 4127 conditum
1512 4064 1710 4128 fuisse
1734 4064 1892 4128 falso
1916 4063 2272 4128 affirmant.
2306 4067 2543 4145 Neque
2572 4060 2770 4143 igitur

610 4175 717 4239 hic
744 4194 955 4240 canon
984 4195 1023 4242 a
1049 4179 1305 4244 Nicaena
1333 4179 1576 4261 synodo
1604 4179 1812 4243 editus
1839 4180 1989 4257 fuit,
2019 4197 2231 4261 neque
2256 4177 2337 4242 ad
2365 4179 2607 4259 ipsum
2637 4188 2770 4257 pro-

609 4290 978 4355 vocationes
1018 4294 1099 4355 ab
1141 4294 1450 4357 omnibus
1489 4294 1850 4375 EpiscopiS,
1894 4293 2004 4358 sed
2047 4294 2128 4357 ab
2175 4293 2253 4357 iis
2299 4282 2772 4356 tantummodo

605 4405 720 4487 qui
745 4405 956 4470 eidem
977 4408 1245 4489 subjecti
1264 4410 1474 4487 erant,
1494 4409 1636 4473 dari
1660 4410 1951 4491 oportere
1970 4407 2276 4473 decernit.
2311 4412 2642 4473 Romanae
2665 4419 2775 4468 au·
