3038 5623
608 811 635 878 1
657 810 743 877 12
1313 812 1688 877 ΒΕυΧῙὲΜΕ
1741 815 2020 878 marm.

605 982 952 1065 provinciis
983 982 1221 1065 part-im
1240 984 1379 1066 jam
1408 984 1563 1047 sunt
1589 984 1928 1062 celebrata,
1961 983 2196 1066 partim
2236 982 2732 1066 quamprimum

596 1099 976 1166 celebranda
1004 1102 1374 1181 supersunt,
1405 1100 1475 1164 in
1509 1118 1628 1164 sua
1655 1118 1915 1184 quoque
1949 1099 2439 1183 metropolitana
2468 1095 2733 1163 ecclesia

599 1218 768 1281 sexto
806 1216 951 1281 idus
991 1216 1420 1298 impendentis
1463 1217 1845 1299 septembris
1880 1216 2242 1299 cogendum
2279 1234 2414 1280 esse
2453 1214 2730 1297 provin-

589 1332 750 1398 ciale
787 1333 1161 1398 concilium.
1200 1333 1358 1411 Quia
1388 1352 1547 1399 vero
1578 1333 1926 1417 singularis
1963 1352 2151 1399 casus
2190 1331 2500 1411 occurrit,
2537 1333 2616 1395 ut
2647 1330 2721 1394 in

592 1452 949 1516 memorata
980 1451 1318 1532 metropoli
1361 1451 1802 1515 commoretur
1834 1451 2175 1533 Episcopus
2210 1467 2389 1514 mere
2421 1447 2728 1526 titularis,

601 1566 712 1650 qui
749 1567 1135 1649 episcopatui
1174 1568 1380 1648 cessit,
1421 1585 1617 1650 quem
1657 1567 1940 1632 obtinuit
1977 1565 2373 1648 jampridem
2408 1565 2481 1629 in
2516 1564 2730 1628 aliena

597 1683 962 1764 provincia,
1006 1685 1358 1767 antequam
1395 1684 1552 1749 illuc
1586 1683 1977 1749 conveniant
2010 1682 2297 1765 Episcopi
2336 1680 2728 1765 suffraganei

589 1818 745 1864 cum
765 1800 1008 1865 caeteris
1027 1801 1140 1883 qui
1161 1801 1379 1865 sedem
1399 1801 1643 1866 habent
1663 1801 1733 1865 in
1749 1801 2046 1879 concilio,
2063 1800 2211 1880 tria,
2232 1817 2374 1882 quae
2389 1798 2468 1863 ad
2483 1799 2726 1865 calcem

590 1916 1051 1995 exscribentur,
1085 1916 1282 1981 dubia
1322 1936 1504 1983 sacro
1532 1918 1685 1984 huic
1716 1917 1939 1984 Ordini
1983 1915 2349 1981 dirimenda
2375 1914 2726 1999 proposuit.

679 2033 774 2098 Ad
796 2032 1084 2116 primum
1102 2033 1278 2116 quod
1291 2034 1546 2112 attinet,
1563 2034 1839 2100 dilucide
1859 2035 2107 2099 constat
2124 2036 2222 2114 (ex
2236 2050 2372 2115 cap.
2393 2041 2454 2111 2,
2472 2051 2611 2098 sess,
2629 2038 2734 2109 24,

590 2148 664 2214 de
698 2150 953 2232 reform.
995 2153 1060 2217 S.
1097 2151 1317 2215 concil.
1356 2150 1587 2234 Trid.),
1633 2151 1715 2215 ad
1749 2150 2103 2216 concilium
2143 2148 2533 2232 provinciale
2574 2166 2768 2245 con-⁹

589 2267 812 2332 venire
832 2267 1065 2332 debere
1087 2286 1316 2332 omnes
1335 2267 1697 2351 EpiscopoS,
1726 2267 1964 2333 scilicet
1983 2267 2442 2350 suffraganeoS,
2466 2267 2531 2330 et
2547 2265 2732 2344 alioS,

585 2384 699 2467 qui
726 2384 805 2449 de
827 2387 976 2467 jnre
1012 2385 1117 2449 vel
1142 2384 1606 2450 consuetudine
1634 2383 1850 2449 vocari
1883 2384 1948 2448 et
1976 2384 2282 2448 interesse
2317 2383 2545 2447 solent.
2583 2386 2733 2448 Jam

586 2517 740 2565 vero
782 2503 1033 2564 certum
1072 2502 1167 2565 est
1203 2501 1282 2566 ad
1318 2501 1670 2566 concilium
1704 2500 2140 2565 admittendos
2182 2518 2322 2565 esse
2368 2499 2627 2564 abbates
2669 2499 2734 2562 et

586 2616 1188 2696 commendatarioS,
1224 2618 1359 2681 tam
1390 2636 1545 2682 cum
1579 2617 2032 2699 jurisdictione
2067 2617 2133 2682 et
2164 2615 2492 2682 territorio
2528 2632 2731 2699 quam

589 2733 832 2815 absque
860 2751 956 2813 e0,
984 2733 1260 2815 capitula
1288 2734 1733 2799 ecclesiarium
1755 2733 2250 2811 cathedralium,
2281 2734 2344 2797 et
2370 2731 2733 2815 collegiata-

590 2867 744 2914 rum
777 2849 1162 2915 habentium
1186 2851 1706 2932 jurisdictionem
1738 2851 1920 2935 quasi
1950 2851 2403 2934 episcopalem,
2431 2848 2534 2914 vel
2566 2849 2738 2930 ipsa-

587 2984 739 3030 rum
762 2966 1020 3046 vicarii,
1042 2985 1157 3030 ceu
1193 2966 1597 3031 unanimiter
1624 2967 1853 3032 docent
1879 2970 2201 3046 Quaranta
2221 2957 2505 3046 (Summa
2529 2966 2733 3044 Bull„

605 3085 679 3147 V⁰
719 3083 1066 3147 Concilium
1088 3081 1497 3165 provinciale,
1531 3101 1571 3146 a
1609 3102 1669 3166 q.
1710 3091 1746 3145 2
1784 3084 1869 3147 ad
1898 3087 1999 3164 6),
2029 3088 2169 3146 Van
2208 3087 2415 3164 Espen
2451 3081 2552 3160 (de
2581 3080 2730 3163 jur.

594 3199 731 3291 eccl.
775 3218 978 3279 univ„
1016 3207 1196 3282 part.
1235 3207 1295 3280 1,
1338 3201 1433 3265 tit.
1479 3206 1582 3276 ΞΟ,
1630 3219 1804 3264 num.
1849 3206 1924 3263 12
1966 3207 2021 3263 et
2061 3201 2248 3281 seqq.)
2298 3200 2361 3263 et
2400 3198 2585 3263 Petra
2630 3197 2735 3275 (in

588 3312 908 3381 comme-nt.
949 3316 1033 3379 ad
1066 3317 1303 3381 constit.
1341 3317 1618 3382 Hcmorii
1649 3319 1745 3394 11,
1783 3324 1923 3380 sect.
1954 3325 2014 3393 1,
2046 3335 2110 3380 η.
2141 3323 2217 3378 25
2254 3323 2307 3379 et
2336 3334 2523 3398 seqq„
2562 3321 2604 3377 t.
2650 3313 2725 3394 Ι).

585 3435 671 3495 De
695 3428 974 3509 aliorum
998 3434 1213 3496 autem
1242 3431 1633 3497 admissione
1656 3451 1759 3497 res
1774 3432 2005 3517 pendet
2028 3452 2063 3496 a
2088 3431 2574 3510 consuetudine,
2606 3448 2729 3495 ceu

596 3546 780 3609 notat
800 3549 936 3610 Van
962 3551 1195 3627 Espen‚
1230 3547 1368 3611 loco
1391 3548 1601 3613 citato.
1636 3549 1801 3613 Hinc
1829 3548 2121 3631 sequitur
2148 3551 2225 3613 ut
2251 3548 2329 3612 de
2357 3546 2733 3612 necessitate

589 3660 670 3725 ad
690 3660 1039 3726 concilium
1063 3652 1524 3729 vocandus'vel
1545 3664 1981 3730 admittendus
2010 3685 2144 3730 non
2175 3668 2338 3731 esset
2355 3664 2722 3747 Episcopus,

585 3775 665 3840 de
701 3794 831 3861 quo
868 3778 1209 3859 quaeritur,
1252 3797 1370 3843 nec
1406 3798 1485 3843 ex
1510 3779 1660 3863 jure
1698 3800 1814 3846 nec
1852 3800 1930 3845 ex
1969 3782 2428 3847 consuetudine.
2469 3785 2610 3845 Non
2645 3799 2725 3844 ex

575 3893 753 3976 jure,
798 3893 950 3976 quia
989 3893 1069 3958 de
1116 3895 1488 3960 necessitate
1521 3897 1692 3979 juris
1739 3898 1954 3962 vocari
1997 3899 2233 3964 debent
2276 3898 2394 3962 soli
2432 3895 2722 3979 Episcopi

589 4010 783 4074 totius
820 4000 1201 4092 provinciae,
1245 4012 1487 4096 aliique
1519 4015 2034 4097 jnrisdictionem
2079 4015 2261 4099 quasi
2299 4015 2720 4097 episcopalem

590 4124 921 4205 habenteS,
951 4129 1026 4191 ut
1051 4130 1276 4193 monet
1298 4132 1621 4207 Quaranta
1652 4132 1787 4211 (loc.
1816 4133 1944 4211 cit„
1977 4153 2044 4217 q.
2080 4135 2172 4212 6),
2204 4133 2389 4209 Petra
2417 4132 2558 4212 (loc.
2590 4129 2717 4211 cit.)

587 4239 825 4322 aliique
854 4244 1216 4322 complures
1231 4262 1252 4324 3
1297 4263 1432 4308 non
1461 4227 1542 4310 ex
1571 4249 2030 4326 consuetudine,
2061 4249 2216 4332 quia
2244 4266 2426 4313 casus
2460 4248 2557 4311 est
2584 4247 2718 4311 sin-

589 4357 831 4439 gularis
861 4359 923 4421 et
955 4359 1517 4426 extraordinarius.
1562 4366 1703 4426 Non
1736 4363 1879 4428 idco
1913 4366 2135 4429 tamen
2168 4364 2471 4428 admissio
2508 4361 2718 4429 eidem

588 4472 975 4572 denegatur,
1027 4475 1079 4539 si
1125 4478 1394 4542 concilio
1442 4479 1788 4562 placuerit,
1836 4499 1953 4545 ceu
1994 4479 2071 4545 de
2112 4481 2414 4562 Episcopo
2459 4477 2720 4543 alterius

586 4589 934 4671 provinciae
953 4592 1230 4674 apposite
1252 4595 1521 4659 testatur
1538 4595 1782 4676 Zerola,
1807 4597 1876 4661 in
1889 4614 2085 4678 pram.
2109 4597 2428 4678 Episcop„
2463 4596 2532 4662 V⁰
2560 4594 2719 4660 Con·
