3038 5623
374 813 672 862 CONCILE
733 817 941 865 PRov.
985 817 1122 863 PAR
1172 817 1495 863 RAPPORT
1539 816 1637 863 ΑΙ]
1687 801 2158 864 8ΑῙΝΤ-511ἓῦΕ.
2266 795 2402 864 377

268 978 313 1018 ·»
343 957 712 1023 excudenda
758 960 1068 1043 vobisque
1113 961 1527 1042 proponenda
1575 961 1968 1025 curavimus.
2001 982 2035 1021 »
2067 958 2407 1041 (Odespum

282 1091 339 1154 p.
392 1077 560 1151 278.)

360 1188 609 1251 Concile
655 1189 727 1251 de
773 1190 1108 1253 Bordeauoe
1157 1209 1232 1254 en
1279 1199 1460 1254 1583.
1531 1227 1592 1237 -
1661 1213 1691 1250 «
1738 1190 2024 1273 Denique
2075 1207 2203 1272 qua
2262 1207 2407 1271 pos-

279 1321 508 1366 sumus
555 1304 924 1370 humilitate
965 1308 1028 1371 et
1056 1306 1418 1371 obedientia
1459 1309 1694 1370 sanctae
1744 1310 2047 1370 Romanae
2092 1305 2408 1382 Ecclesiae,

277 1418 576 1482 omnium
627 1420 1056 1485 Ecclesiarum
1104 1423 1332 1486 matris
1380 1424 1444 1487 et
1507 1423 1831 1504 magistrae
1856 1469 1876 1499 ,
1936 1419 2298 1484 auctoritati
2347 1426 2409 1482 et

272 1533 519 1615 judicio
567 1553 993 1617 quaecumque
1022 1537 1093 1600 in
1142 1538 1263 1601 hac
1300 1538 1548 1620 synodo
1588 1539 1749 1615 acta,
1781 1537 2055 1614 decreta,
2088 1535 2410 1598 sancitave

277 1651 430 1712 sunt
485 1652 792 1730 perpetuo
840 1652 1246 1716 emendanda
1296 1655 1362 1717 et
1414 1653 1795 1735 corrigenda
1848 1652 2266 1733 subjicimus»,
2325 1649 2406 1713 ad

275 1764 536 1829 laudem
584 1766 648 1829 et
687 1766 960 1847 gloriam
1006 1766 1444 1831 immortalem
1468 1772 1617 1832 ‚Iesu
1648 1768 1880 1833 Christi
1922 1767 2222 1831 omnium
2258 1782 2408 1846 pas-

277 1880 465 1957 toriS‚
519 1881 581 1943 et
628 1879 708 1943 ad
760 1880 973 1962 gregis
1020 1881 1220 1963 ipsius
1283 1881 1468 1945 nobis
1523 1882 1847 1946 commissi
1899 1880 2409 1945 incolumitatem

275 1996 336 2059 et
361 1996 661 2058 salutem.
688 2018 720 2054 »
756 1997 1009 2075 (Labbe‚
1051 1999 1101 2060 t.
1151 2002 1309 2077 XXI,
1358 2016 1422 2078 p.
1454 2001 1621 2077 794.)

351 2110 565 2173 Lettre
617 2111 706 2174 du
757 2112 1046 2176 cardinal
1097 2117 1639 2195 Boncompagnon
1684 2129 1770 2176 au
1831 2129 1986 2175 nom
2017 2110 2096 2174 de
2146 2112 2210 2174 la
2256 2126 2410 2173 con-

272 2223 994 2308 gregation-interprete
1025 2247 1042 2291 ε
1085 2251 1115 2286 α
1141 2228 1508 2292 cardinales
1543 2245 1702 2292 vero
1731 2227 1971 2310 quibus
2023 2225 2248 2289 eadem
2298 2242 2403 2305 sy-

271 2340 489 2404 nodus
538 2341 618 2405 de
668 2361 852 2407 more
901 2343 1137 2407 tradita
1181 2344 1304 2407 fuit
1349 2341 1821 2425 perlustranda,
1854 2340 2131 2405 lectione
2197 2339 2401 2420 ipsius

269 2455 547 2520 mirifice
596 2459 750 2520 sunt
775 2457 1090 2522 delectati.
1146 2462 1260 2538 Ac,
1306 2458 1424 2522 etsi
1469 2459 1797 2521 nonnulla
1823 2456 2220 2521 adverterint
2262 2472 2408 2537 quae

267 2570 506 2652 corrigi
535 2573 844 2652 oporteat,
873 2590 1006 2636 non
1045 2573 1266 2637 tamen
1315 2572 1393 2637 de
1422 2574 1557 2636 tam
1588 2573 1678 2654 pii
1724 2573 1958 2637 laboris
1988 2574 2053 2636 et
2074 2573 2212 2635 tam
2241 2587 2404 2652 prae-

268 2685 430 2748 clari
492 2686 703 2767 operis
750 2687 940 2752 laude
986 2687 1342 2771 quidquam
1385 2687 1651 2752 delibari
1702 2706 1880 2770 posse
1930 2685 2402 2751 existimarunt.

268 2799 476 2880 Igitur
513 2801 830 2886 quidquid
854 2803 1247 2868 mutandum
1287 2804 1434 2884 erit,
1483 2803 1896 2886 amplitudini
1924 2804 2051 2868 tuae
2096 2820 2248 2867 cum
2302 2800 2405 2865 his

267 2915 524 2994 litteriS,
555 2918 698 2980 tum
723 2918 1070 2998 separatim
1111 2919 1526 3001 descriptum,
1572 2923 1714 2984 tum
1745 2921 1814 2984 in
1842 2920 2138 3002 margine
2179 2916 2405 3000 synodi

269 3030 350 3094 ad
395 3030 657 3113 singula
703 3034 907 3114 capita
953 3035 1337 3099 adnotatum
1386 3037 1700 3115 mittitur3
1750 3039 1827 3099 ut
1851 3035 2089 3100 scilicet
2129 3051 2246 3115 pro
2293 3034 2406 3095 tua

268 3146 396 3212 fide
423 3149 490 3211 et
535 3148 902 3228 prudentia,
951 3152 1290 3232 postquam
1336 3151 1448 3215 illa
1496 3151 1719 3214 omnia
1748 3151 1839 3213 sic
1874 3148 2076 3231 aptari
2110 3146 2405 3228 Jusseris,

266 3261 349 3324 ad
396 3263 725 3344 synodum
767 3265 1313 3347 promulgandam
1352 3265 1922 3348 exequendamque
1972 3262 2336 3326 incumbas,
2366 3282 2399 3320 »

271 3378 518 3455 (Coleti,
551 3380 599 3440 t.
630 3382 789 3455 XXI,
825 3398 892 3461 p.
919 3384 1086 3460 804.)

351 3493 599 3557 Concile
639 3494 1014 3575 de-Bourqes
1057 3515 1132 3560 en
1156 3505 1336 3561 1584.
1372 3530 1449 3545 -·
1488 3519 1521 3556 (ι
1550 3496 1782 3561 Omnia
1808 3495 2027 3559 autem
2056 3496 2120 3558 et
2148 3492 2407 3575 singula

264 3625 419 3688 quae
447 3625 644 3689 supra
672 3608 742 3671 in
783 3608 905 3673 hac
952 3611 1195 3693 synodo
1234 3613 1537 3677 contenta
1561 3613 1743 3689 sunt,
1773 3628 1903 3693 qua
1925 3626 2265 3691 possumus
2290 3608 2410 3670 hu-

262 3723 546 3786 militate
589 3725 652 3786 et
698 3724 1055 3790 obedientia
1105 3730 1338 3792 sanctae
1373 3732 1679 3793 Romanae
1737 3724 2053 3801 Ecclesiae,
2106 3723 2407 3787 omnium

262 3836 507 3900 matris
529 3854 604 3900 ac
643 3838 991 3920 magistrae‚
1040 3842 1405 3906 auctoritati
1452 3844 1517 3906 et
1576 3841 1819 3923 judicio
1872 3839 2275 3920 sufficimus,
2326 3835 2406 3899 ad

250 3951 535 4016 laudem
564 3953 629 4016 et
651 3954 928 4034 gloriam
974 3956 1230 4020 Domini
1258 3956 1470 4021 Nostri
1518 3961 1669 4020 Jesu
1697 3955 1953 4032 Christi,
1985 3955 2046 4018 et
2091 3953 2172 4016 ad
2200 3952 2407 4015 Eccle-

250 4067 382 4131 siae
426 4084 564 4131 suae
618 4069 913 4134 salutem.
946 4094 977 4130 »
1019 4049 1190 4151 (m,
1219 4072 1331 4151 ib„
1375 4091 1438 4154 p.
1501 4071 1666 4152 931.)
1728 4069 2001 4133 L'annee
2061 4069 2354 4133 suivante
2385 4115 2405 4147 ,

255 4191 297 4246 1
313 4189 458 4261 585,
491 4182 663 4247 Sixte
697 4188 751 4247 V
778 4201 1128 4266 appronm,
1173 4187 1357 4267 apres
1398 4187 1493 4250 les
1528 4185 1710 4250 avoir
1748 4183 2055 4266 corriges,
2097 4185 2190 4248 les
2240 4186 2408 4248 actes

242 4297 354 4361 de
382 4315 457 4361 ce
483 4298 756 4376 concile,
777 4301 840 4363 et
866 4300 1161 4365 ordonna
1177 4301 1255 4364 de
1282 4301 1376 4365 les
1399 4301 1655 4382 publier
1681 4318 1833 4365 avec
1851 4318 1953 4366 ces
1974 4299 2358 4364 corrections
2386 4318 2404 4361 ε

238 4417 377 4480 Ita
406 4421 480 4477 ut
531 4421 675 4476 sunt
720 4415 1069 4493 emendata,
1099 4434 1209 4479 nec
1234 4417 1443 4493 aliter,
1493 4417 1780 4479 edantur.

356 4530 520 4610 Bres
554 4528 627 4591 de
664 4530 842 4594 Sioete
898 4533 964 4596 V.
988 4564 1070 4579 —
1097 4552 1133 4592 «
1159 4531 1376 4595 Xistus
1403 4548 1568 4612 papa
1597 4534 1673 4593 V.
1705 4530 2118 4595 'venerabiles
2153 4528 2403 4604 fratre8‚
