3038 5623
594 847 735 917 406
1277 846 1701 927 Qunmimss
1763 862 2043 912 mam.

594 1011 877 1076 Concilio
904 1008 1305 1092 provinciali,
1354 1007 1565 1072 arreta
1605 1006 1684 1072 de
1728 1005 1943 1071 meme
1984 1024 2116 1070 une
2164 1006 2283 1070 fois
2319 1023 2482 1088 pour
2517 1004 2726 1068 toutes

587 1126 881 1208 l'epoque
909 1124 1227 1189 triennale
1257 1123 1425 1188 dela
1448 1122 1756 1199 reunion,
1788 1124 1851 1186 et
1875 1122 2106 1186 voulut
2133 1140 2261 1203 que
2286 1140 2355 1186 ce
2378 1119 2598 1184 decret
2619 1117 2726 1182 eut

586 1241 650 1305 la
676 1241 905 1305 valeur
931 1239 1124 1303 d'une
1154 1237 1467 1303 indiction
1496 1236 1766 1319 speciale
1797 1255 1958 1318 pour
1987 1237 2235 1319 chaque
2266 1236 2385 1300 fois
2420 1254 2436 1298 ε

674 1378 705 1415 α
741 1354 1027 1436 Singulis
1054 1353 1565 1436 provincialibus
1603 1351 1894 1417 conciliis
1933 1352 2121 1416 tertio
2158 1370 2412 1435 quoque
2442 1369 2616 1417 anno
2652 1369 2726 1414 ex

588 1471 726 1554 ipsa
751 1469 1131 1534 Tridentina
1159 1468 1486 1532 sanctione
1516 1467 1932 1546 celebrandis,
1968 1485 2112 1550 quae
2141 1467 2455 1547 indicere,
2486 1484 2721 1532 convo-

587 1603 734 1650 care
762 1585 827 1649 et
853 1583 1175 1648 celebrare
1208 1584 1317 1665 jus
1344 1582 1815 1664 Metropolitani
1852 1584 1972 1662 est,
2006 1600 2125 1647 nos
2162 1585 2406 1646 certam
2448 1582 2624 1646 diem
2654 1581 2723 1645 in

588 1704 913 1784 posterum
935 1698 1310 1778 indicimuS,
1326 1699 1738 1763 decernimus
1759 1702 1823 1763 et
1837 1699 2207 1777 statuimuS,
2227 1699 2459 1763 feriam
2488 1698 2723 1762 scilicet

588 1817 914 1901 quintam,
941 1833 1086 1898 quae
1123 1833 1161 1879 a
1202 1814 1441 1879 Pascha
1479 1815 1985 1880 Resurrectionis
2013 1815 2271 1879 Domini
2316 1814 2435 1878 sub
2464 1814 2718 1878 tertiam

587 1931 984 1997 dominicam
1025 1930 1217 2009 cadit,
1255 1932 1639 2012 certumque
1679 1929 1838 1995 item
1878 1931 2121 2008 locum,
2159 1947 2395 2011 nempe
2434 1929 2721 1993 nostram

586 2047 921 2112 ecclesiam
953 2047 1155 2110 beatae
1183 2044 1398 2110 Mariae
1415 2045 1704 2128 Virginis
1732 2046 2000 2110 nomine
2024 2045 2540 2127 nuncupatam...
2569 2045 2720 2125 Ejus

588 2165 809 2227 autem
829 2162 1157 2227 constituti
1179 2160 1542 2226 conciliaris
1561 2159 1688 2225 diei
1708 2162 1771 2224 et
1787 2160 1907 2235 loci
1929 2161 2120 2243 atque
2134 2160 2291 2224 adeo
2304 2159 2560 2225 concilii
2584 2177 2723 2242 pro·

586 2279 882 2343 vincialis
911 2277 1332 2342 indictionem
1362 2276 1634 2341 omnino
1676 2278 1885 2340 ratam
1928 2276 2324 2359 firmamque
2366 2293 2503 2340 esse
2542 2276 2722 2338 volu·

587 2413 765 2473 muS,
792 2412 866 2458 ac
885 2393 1025 2457 sine
1050 2393 1175 2457 alia
1196 2393 1301 2457 vel
1323 2393 1690 2456 litterarum
1724 2392 2221 2474 significatione,
2240 2393 2345 2456 vel
2371 2391 2559 2456 edicti
2587 2409 2726 2473 pro-

586 2509 1011 2591 mulgatione,
1043 2508 1148 2571 vel
1178 2507 1312 2571 ulla
1343 2507 1471 2571 alia
1514 2506 2007 2572 denuntiatione
2036 2510 2151 2572 aut
2178 2508 2438 2588 nunti0,
2468 2509 2721 2571 tantum

588 2625 837 2690 roboris
856 2644 930 2689 ac
948 2623 1337 2688 auctoritatis
1357 2622 1438 2687 ad
1456 2623 1796 2705 Episcopos
1821 2642 1896 2688 ac
1918 2624 2198 2707 reliquos
2218 2624 2479 2707 quosvis
2497 2641 2725 2688 omnes

588 2757 663 2804 ac
706 2739 1032 2821 singulos,
1073 2738 1186 2821 qui
1218 2738 1284 2801 in
1317 2738 1693 2820 provinciali
1736 2740 2011 2804 concilio
2053 2740 2531 2819 Mediolanensi,
2559 2757 2723 2823 qna-

567 2872 870 2938 cumque
883 2855 1131 2919 ratione
1151 2854 1367 2920 adesse
1394 2856 1660 2936 possunt
1684 2857 1799 2919 aut
1824 2856 2061 2921 dehent
2063 2875 2459 2941 ,quorumve
2477 2855 2725 2940 aliquid

583 2972 885 3050 interest,
943 2969 1301 3034 monendos
1355 2988 1429 3034 ac
1475 2970 1963 3051 convocandoS,
2006 2971 2245 3036 hahere
2287 2972 2412 3037 hoc
2466 2971 2723 3036 decreto

585 3086 939 3166 sancimuS,
999 3087 1322 3168 quantum
1381 3084 1489 3149 illa
1536 3103 1682 3168 quai
1736 3085 2064 3151 indicendi
2120 3086 2413 3168 eiusdem
2468 3086 2725 3151 concilii

579 3201 992 3285 provincialis
1020 3201 1186 3266 ratio
1230 3201 1460 3266 litteris
1499 3204 1566 3266 et
1607 3201 1842 3266 nuntio
1884 3200 2216 3285 edictoque
2248 3202 2507 3284 publico
2529 3201 2723 3268 adhi-

590 3317 802 3382 betur.
831 3339 864 3378 »

667 3434 838 3499 Cette
866 3435 1171 3498 coutume
1201 3434 1279 3499 de
1306 3434 1466 3499 faire
1494 3433 1881 3514 l'indiction,
1925 3451 2012 3498 ou
2053 3434 2090 3498 a
2114 3436 2264 3516 jour
2295 3435 2421 3498 fixe
2443 3452 2577 3499 une
2602 3435 2725 3500 fois

586 3565 754 3630 pour
778 3549 1011 3626 tontes,
1039 3567 1129 3614 ou
1157 3548 1319 3613 dans
1341 3548 1591 3633 chaque
1616 3550 1863 3615 concile
1893 3568 2059 3631 pour
2080 3552 2140 3614 16
2168 3550 2414 3614 concile
2442 3550 2726 3627 suivant,

589 3680 629 3728 a
670 3663 768 3727 ete
802 3662 1135 3748 pratiquee
1176 3639 1292 3746 par
1334 3665 1659 3746 plusieurs
1702 3667 1917 3731 autres
1950 3666 2311 3749 provinces.
2353 3669 2435 3731 Le
2481 3665 2728 3731 concile

589 3777 669 3843 de
696 3779 913 3845 Reims
941 3778 1019 3844 de
1048 3786 1204 3842 1583
1231 3780 1306 3844 fit
1325 3798 1397 3845 ce
1425 3781 1671 3845 statut:

675 3916 706 3954 ιι
734 3899 824 3959 Ea
854 3896 1110 3977 peracta
1162 3898 1427 3978 (nempe
1474 3895 1718 3978 synodo
1757 3885 2169 3978 provinciali)
2202 3896 2283 3961 de
2319 3898 2456 3962 loco
2497 3897 2734 3980 dieque

585 4031 618 4069 n
654 4011 857 4076 futuri
886 4011 1141 4091 concilii
1163 4012 1575 4092 provincialis
1598 4012 2004 4082 decernatur.
2025 4034 2060 4073 η
2100 4013 2445 4095 (Odespun,
2471 4033 2534 4095 p.
2554 4015 2723 4091 250.)

544 4195 547 4200 ,
665 4130 747 4190 Le
774 4127 1020 4191 concile
1048 4126 1127 4192 de
1154 4126 1486 4191 Bordeaux
1504 4128 1585 4193 de
1608 4129 1674 4194 la
1698 4127 1915 4193 meme
1939 4128 2173 4208 annee,
2198 4128 2722 4193 non-seulement

585 4259 751 4308 nous
779 4242 1028 4308 fournit
1064 4260 1158 4306 un
1196 4244 1487 4324 exemplo
1528 4242 1607 4307 de
1644 4244 1706 4308 la
1750 4242 2313 4327 memepratique,
2345 4244 2509 4308 mais
2549 4259 2718 4307 nous

585 4358 807 4422 atteste
849 4374 975 4440 que
1013 4359 1174 4423 cette
1201 4357 1497 4440 pratique
1529 4359 1701 4422 avait
1742 4357 1971 4438 depuis
2009 4358 2380 4442 longtemps
2410 4358 2591 4440 passe
2629 4375 2714 4423 en

585 4473 889 4538 contume
932 4492 950 4536 ε
1003 4495 1032 4531 «
1076 4474 1400 4538 Postrema
1444 4472 1700 4538 concilii
1753 4473 2033 4539 sessione
2077 4474 2215 4539 dies
2259 4478 2325 4539 et
2371 4475 2549 4537 locus
2595 4472 2714 4537 uhi

583 4612 614 4649 n
654 4588 944 4671 primum
984 4588 1362 4656 habendum
1401 4589 1484 4658 sit
1519 4588 1896 4668 concilium,
1938 4590 2012 4653 ut
2050 4590 2302 4673 antiqui
2346 4588 2549 4653 moris
2590 4591 2710 4669 est,
