3038 5623
621 757 762 828 446
1306 757 1728 834 Quarmkxe
1781 774 2063 822 ruma.

614 938 768 986 vero
798 936 1018 997 sensu,
1050 918 1118 982 et
1158 917 1688 997 interpretatione
1731 934 2073 981 marum
2109 916 2614 997 scripturarum,
2637 916 2735 980 ad-

614 1035 832 1115 mitt03
861 1050 982 1097 nec
1020 1049 1167 1096 eam
1195 1049 1522 1113 unquam,
1561 1032 1690 1095 nisi
1723 1033 1912 1113 juxta
1947 1032 2334 1098 unanimem
2361 1049 2741 1096 eonsensum

611 1152 876 1215 Patrum
899 1148 1233 1229 accipiam,
1265 1148 1330 1211 et
1360 1147 1853 1229 interpretabor.
1888 1147 2199 1211 Profiteor
2221 1165 2477 1229 quoque
2503 1147 2741 1228 septem

612 1283 751 1330 esse
779 1280 954 1337 vera,
995 1264 1058 1326 et
1083 1263 1334 1344 proprie
1382 1264 1783 1325 sacramenta
1829 1262 2013 1325 novae
2056 1263 2239 1344 legiS‚
2272 1280 2309 1324 a
2333 1266 2481 1325 Jesu
2501 1262 2742 1325 Christo

616 1380 888 1445 Domino
926 1379 1147 1442 nostro
1189 1378 1507 1455 instituta,
1538 1378 1728 1459 atque
1761 1376 1842 1440 ad
1863 1378 2138 1440 salutem
2167 1376 2441 1440 humani
2475 1376 2741 1457 generiS,

613 1498 762 1561 licet
790 1513 921 1559 non
935 1494 1160 1558 omnia
1182 1493 1460 1575 singulis
1492 1492 1870 1571 necessaria,
1899 1492 2140 1555 scilieet
2165 1491 2743 1572 baptismum‚oon-

615 1611 1084 1687 firmationem,
1114 1608 1615 1686 Eucharistiam‚
1640 1607 2111 1688 poenitentiam‚
2134 1609 2492 1671 extremam
2511 1607 2744 1670 unctio-

614 1746 792 1805 nem,
826 1725 1149 1801 ordinem,
1176 1727 1245 1788 et
1279 1724 1813 1804 matrimonium3
1866 1724 2104 1805 illaque
2133 1723 2411 1805 gratiam
2431 1722 2741 1799 conferre,

614 1845 772 1908 etex
799 1842 901 1906 his
932 1841 1355 1922 baptismum,
1377 1839 1938 1903 confirmationem
1967 1840 2033 1901 et
2057 1838 2359 1901 ordinem
2390 1837 2529 1901 sine
2551 1836 2741 1900 sacri-

613 1958 781 2040 legio
804 1956 1096 2021 reiterari
1126 1973 1260 2019 non
1292 1972 1496 2035 posse.
1525 1955 1829 2034 Receptus
1855 1972 2134 2036 quoque,
2163 1955 2231 2018 et
2257 1953 2639 2034 approbatos
2653 1957 2753 2016 Ec-

612 2074 821 2139 clesiae
849 2071 1182 2137 catholicae
1204 2070 1368 2134 ritus
1397 2070 1467 2132 in
1496 2069 2015 2149 supradictorum
2041 2068 2345 2132 omnium
2385 2084 2742 2131 sacramen-

615 2191 834 2253 torum
873 2186 1153 2251 solemni
1190 2184 1748 2248 administratione
1791 2184 2051 2265 recipio,
2100 2185 2164 2248 et
2195 2184 2491 2247 admitto.
2531 2182 2747 2246 Omnia

616 2304 682 2369 et
714 2303 994 2384 singula,
1024 2318 1168 2383 quae
1197 2299 1279 2362 de
1312 2301 1573 2380 peccato
1602 2299 1926 2381 originali,
1967 2301 2039 2363 et
2074 2299 2157 2363 de
2209 2299 2662 2380 justificatione
2687 2298 2751 2361 in

614 2419 1016 2484 sacrosancta
1039 2414 1422 2479 Tridentina
1452 2414 1699 2495 synodo
1717 2414 2004 2491 definita,
2039 2415 2104 2477 et
2131 2414 2449 2478 declarata
2474 2411 2752 2489 fuerunt,

618 2534 968 2616 amplector
994 2534 1057 2597 et
1079 2530 1335 2612 recipio,
1363 2531 1670 2594 Profiteor
1690 2530 1926 2611 pariter
1949 2530 2018 2593 in
2046 2529 2241 2593 missa
2253 2529 2477 2592 offerri
2505 2534 2636 2592 Deo
2661 2546 2754 2591 ve-

617 2667 794 2724 rum,
825 2648 1163 2729 proprium
1185 2649 1252 2711 et
1274 2646 1794 2728 propitiatorium
1826 2646 2222 2708 saerificium
2252 2663 2366 2726 pro
2378 2644 2546 2708 vivis
2572 2645 2636 2707 et
2655 2643 2757 2707 de-

615 2762 888 2841 functis,
931 2763 1125 2843 atque
1152 2761 1224 2825 in
1260 2761 1672 2827 sanctissimo
1719 2761 2141 2826 Eucharistiae
2181 2762 2591 2825 sacramento
2629 2777 2757 2824 esse

617 2897 769 2944 vere
796 2878 1059 2943 realiter
1072 2880 1137 2941 et
1148 2877 1657 2941 substantialiter
1667 2896 1901 2959 eorpus
1921 2881 1987 2942 et
2009 2878 2426 2959 sanguinem,
2458 2893 2758 2940 unacum

616 2994 840 3058 anima
866 2995 930 3057 et
964 2993 1302 3056 divinitate
1321 2993 1580 3057 Domini
1601 2994 1805 3057 nostri
1832 2998 1986 3058 Jesu
2009 2993 2275 3071 Christi,
2301 2991 2578 3074 fierique
2601 3008 2755 3055 oon-

617 3110 983 3175 versionem
1013 3109 1209 3173 totius
1238 3109 1613 3173 substantiae
1644 3111 1827 3191 panis
1858 3110 1924 3173 in
1969 3127 2222 3190 eorpus,
2269 3110 2338 3172 et
2386 3108 2588 3171 totins
2611 3107 2757 3171 sub·

617 3225 870 3318 stantiae
916 3225 1055 3288 vini
1112 3226 1181 3288 in
1237 3223 1649 3305 sanguinem,
1689 3242 1891 3306 quam
1935 3224 2421 3288 conversionem
2447 3221 2756 3285 catholiea

617 3339 894 3404 Ecclesia
921 3338 1679 3403 transsubtantiationem
1719 3341 2013 3421 appellat.
2041 3341 2265 3403 Fateor
2289 3338 2492 3402 etiam
2515 3338 2644 3402 sub
2667 3337 2757 3399 al-

619 3456 759 3520 tera
783 3454 1039 3516 tantum
1064 3454 1271 3535 speeie
1294 3456 1504 3518 totum
1533 3458 1727 3536 atque
1755 3455 2086 3534 integrum
2109 3454 2465 3528 Christum,
2498 3467 2757 3515 verum·

619 3587 744 3652 que
769 3571 1249 3634 sacramentum
1279 3570 1474 3634 sumi.
1508 3572 1887 3635 constanter
1912 3573 2100 3634 teneo
2125 3570 2578 3652 purgatorium
2600 3585 2753 3643 esse,

620 3684 1002 3767 animasque
1024 3685 1110 3748 ibi
1128 3684 1422 3749 detentas
1446 3685 1741 3749 fidelium
1767 3686 2089 3767 suffragii-s
2107 3686 2343 3767 juvari.
2367 3683 2757 3749 Similiteret

623 3802 896 3879 sanctos,
931 3818 1066 3863 una
1094 3819 1248 3864 cum
1285 3801 1533 3865 Christo
1577 3803 1925 3883 regnantes
1944 3849 1965 3879 ,
1997 3800 2406 3865 venerandos
2427 3818 2594 3877 esse,
2614 3817 2753 3863 eos-

622 3934 750 3998 que
790 3915 1108 3980 orationes
1154 3919 1279 3979 Deo
1304 3934 1418 3997 pro
1448 3916 1635 3980 nobis
1653 3917 1909 3994 offerre,
1939 3918 2130 3997 atque
2173 3934 2401 3979 eornm
2452 3914 2754 3997 reliquias

621 4048 757 4094 esse
784 4030 1209 4095 venerandas,
1244 4030 1545 4095 Firmiter
1567 4049 1784 4095 assero
1809 4031 2126 4114 imagines
2153 4030 2411 4107 Christi,
2431 4048 2513 4094 ac
2538 4030 2756 4109 Deipa—

625 4163 715 4208 rae
753 4162 1006 4226 semper
1035 4145 1344 4228 VirginiS,
1378 4165 1632 4210 necnon
1673 4146 1954 4210 aliorum
1987 4148 2365 4210 sauciorum
2401 4144 2592 4208 habel
2617 4143 2750 4219 das,

623 4261 689 4325 et
713 4259 1078 4324 retinendas
1102 4279 1264 4338 esse,
1288 4263 1487 4344 atque
1503 4261 1603 4326 eis
1619 4251 1912 4325 debitum
1940 4262 2278 4339 honorem,
2301 4279 2379 4324 ae
2400 4260 2753 4325 venen-afio-

627 4392 781 4439 nem
838 4372 1360 4454 impartiendam.
1416 4375 1972 4458 indulgentiarum
2025 4377 2225 4441 etiam
2268 4377 2647 4458 potestatem
2703 4388 2749 4434 a

624 4490 875 4555 Christo
898 4490 966 4554 in
992 4491 1266 4556 Ecclesia
1284 4492 1587 4556 „relictam
1623 4492 1853 4572 fnisse,
1897 4493 2289 4576 illarumque
2317 4510 2518 4556 usum
2536 4490 2744 4556 chris·
