3038 5623
579 788 724 858 320
1290 790 1680 855 ‘mmmmm
1728 808 2012 857 marm.

583 954 851 1036 reponse
874 952 964 1016 du
990 950 1161 1015 saint
1188 956 1353 1031 Pape
1384 969 1402 1014 :
1443 972 1474 1009 (ι
1494 949 1844 1031 Gregorius
1870 948 2232 1013 Mariniano
2272 951 2573 1030 episcopo
2608 952 2725 1012 Ra-

579 1092 613 1130 »
645 1087 899 1133 venna).
950 1068 1193 1148 Scripta
1234 1065 1659 1130 fraternitatis
1686 1066 1915 1129 vestrae
1943 1064 2217 1146 Virgilio
2262 1064 2533 1128 diacono
2558 1063 2726 1127 defe-

580 1208 608 1243 n
647 1185 832 1249 rente
861 1182 1287 1264 suscepimus,
1320 1181 1390 1244 in
1429 1180 1671 1263 quibus
1716 1179 2050 1243 indicastis
2097 1179 2411 1264 quosdam
2443 1178 2525 1243 de
2552 1179 2723 1242 clero

581 1323 612 1359 »
650 1301 716 1364 et
743 1299 983 1380 populo
1010 1298 1372 1362 clamitasse
1410 1297 1636 1359 contra
1677 1296 1852 1377 leges
1874 1295 1940 1359 et
1968 1311 2249 1359 canones
2270 1312 2407 1359 esse
2443 1295 2520 1357 ut
2557 1293 2728 1356 inter

580 1438 615 1476 >³
647 1415 983 1479 ecclesiam
1000 1415 1283 1477 vestram
1321 1413 1383 1475 et
1410 1410 1730 1475 Claudum
1761 1411 2066 1474 abbatem
2089 1426 2283 1473 causa
2328 1408 2437 1471 hic
2478 1408 2722 1471 exami-

581 1554 611 1588 »
646 1529 791 1592 nari
817 1546 892 1592 ac
913 1527 1190 1609 judicari
1228 1526 1478 1589 debeat.
1510 1525 1630 1602 Qui
1656 1525 1709 1588 si
1740 1525 2242 1589 ecclesiasticum
2270 1522 2600 1601 ordinem,
2623 1522 2726 1586 vel

580 1669 612 1705 »
648 1647 821 1709 inter
837 1662 1007 1726 quos
1048 1644 1285 1724 agitur,
1334 1641 1600 1704 nossent
1627 1640 1983 1718 advertere,
2025 1657 2093 1703 se
2133 1656 2172 1702 a
2203 1639 2535 1720 superflua
2561 1655 2724 1720 que-

581 1783 613 1819 »
646 1761 779 1824 rela
803 1758 1013 1822 modis
1036 1757 1344 1821 omnibus
1365 1756 1771 1819 abstinerent
1783 1774 1803 1836 3
1832 1754 2192 1836 praesertim
2216 1754 2370 1836 quia
2390 1771 2512 1817 nec
2532 1770 2725 1817 causa

580 1897 612 1933 »
651 1874 776 1937 dici
802 1873 934 1936 illic
976 1872 1183 1953 potnit
1210 1872 1323 1935 ubi
1354 1889 1418 1935 se
1450 1870 1797 1951 praedictus
1829 1871 2028 1933 abbas
2074 1887 2112 1932 a
2159 1868 2486 1933 decessore
2514 1870 2726 1932 vestro

577 2010 610 2048 ι)
641 1989 909 2072 questus
937 1988 1033 2052 est
1060 1986 1445 2069 injustitiam
1491 1986 1834 2068 pertulisse
1875 1986 1939 2049 et
1979 2004 2054 2050 ex
2099 2003 2175 2049 ea
2213 1984 2530 2048 hactenus
2555 1985 2729 2048 labo—

577 2127 609 2164 »
646 2122 813 2168 rare.
843 2108 974 2168 Hoc
991 2103 1171 2167 enim
1198 2103 1447 2184 poterat
1469 2101 1754 2165 fortassis
1775 2101 2040 2181 opponi,
2067 2101 2279 2164 sinon
2305 2100 2386 2164 ad
2409 2102 2725 2181 majorem

575 2245 606 2278 ι)
642 2220 1031 2296 recurreret,
1054 2220 1120 2283 et
1148 2217 1316 2300 apud
1360 2236 1517 2282 eum
1546 2234 1756 2280 causae
1799 2234 1931 2279 suae
1972 2216 2216 2297 peteret
2255 2216 2569 2279 meritum
2595 2217 2723 2278 ter-

577 2356 609 2392 »
643 2334 906 2397 minari.
938 2331 1273 2415 Numquid
1297 2350 1429 2395 non
1462 2332 1596 2412 ipse
1620 2331 1786 2394 nosti
1810 2330 1968 2411 quia
1991 2347 2211 2407 causa,
2237 2348 2383 2411 quae
2408 2347 2447 2392 a
2469 2334 2722 2394 Joanne

578 2470 614 2508 n
647 2449 1020 2530 presbytero
1042 2448 1266 2511 contra
1288 2451 1610 2511 ,Ioannem
1641 2445 2428 2526 constantinopolitanum
2457 2444 2725 2507 fratrem

582 2586 611 2621 υ
648 2565 712 2626 et
750 2563 1208 2644 coepiscopum
1235 2564 1534 2625 nostrum
1580 2562 1722 2624 orta
1764 2562 1881 2640 est,
1920 2560 2285 2625 secundum
2330 2578 2609 2624 canones
2645 2559 2724 2623 ad

578 2701 609 2737 »
644 2676 873 2741 Sedem
896 2677 1309 2757 apostolicam
1337 2676 1614 2739 recurrit
1632 2678 1691 2739 et
1713 2677 1932 2739 nostra
1957 2678 2053 2740 est
2076 2676 2395 2740 sententia
2422 2674 2725 2739 definita?

545 2824 550 2843 τ
580 2816 622 2869 a,
647 2792 710 2857 Si
740 2809 897 2875 ergo
922 2790 1001 2856 de
1031 2791 1139 2856 illa
1174 2791 1430 2857 civitate
1459 2790 1574 2855 ubi
1618 2789 1914 2874 princeps
1958 2793 2053 2856 est
2093 2790 2175 2855 ad
2214 2791 2505 2855 nostram
2535 2808 2724 2855 causa

578 2930 614 2968 »
640 2907 1077 2990 cognitionem
1134 2906 1408 2971 deducta
1453 2908 1576 2985 est,
1629 2908 1873 2989 quanto
1921 2907 2131 2989 magis
2175 2907 2509 2988 negotium
2558 2906 2724 2990 quod

578 3047 609 3082 »
644 3005 819 3086 intra
845 3040 960 3087 vos
996 3023 1116 3100 est,
1155 3021 1262 3085 hic
1288 3023 1384 3085 est
1427 3021 1697 3085 veritate
1737 3022 1994 3102 cognita
2034 3020 2572 3085 terminandum?
2604 3025 2724 3084 Vos

580 3159 615 3198 >³
648 3139 866 3201 autem
895 3137 985 3201 ibi
1016 3137 1367 3201 stultorum
1393 3137 1593 3199 verba
1624 3154 1758 3199 non
1803 3137 2132 3213 moveant,
2158 3153 2280 3199 nec
2304 3154 2419 3217 per
2446 3154 2567 3199 nos
2592 3153 2725 3199 cre-

578 3274 611 3311 »
647 3252 813 3316 datis
853 3251 1112 3335 aliquod
1147 3249 1562 3332 dispendium
1603 3249 1886 3314 ecclesiae
1910 3251 2139 3313 vestrae
2163 3249 2304 3313 fieri
2313 3296 2439 3313 .....
2453 3238 2721 3315 'Frater-

578 3389 613 3428 »
642 3368 812 3430 nitas
841 3368 1063 3430 autem
1090 3367 1305 3430 vestra
1335 3365 1661 3446 sapienter
1680 3365 1813 3446 egit
1831 3382 2138 3445 personas
2167 3383 2284 3445 pro
2308 3366 2569 3448 negotio
2590 3366 2722 3445 ipso

579 3503 611 3540 ›>
649 3482 1113 3558 transmittere,
1135 3482 1199 3544 et
1217 3481 1414 3544 verba
1440 3479 1667 3543 inania
1690 3497 1824 3543 non
1845 3478 2094 3543 audire.
2120 3502 2153 3539 ι)
2188 3459 2463 3559 (Edition
2486 3480 2719 3574 Migne‚

475 3586 479 3590 ’
578 3596 1011 3678 Epistolarum
1040 3594 1152 3659 lib.
1183 3599 1289 3672 Vl,
1319 3595 1504 3676 epist.
1541 3602 1645 3673 24,
1674 3596 1719 3656 t.
1755 3602 1817 3672 3,
1846 3613 1911 3676 p.
1951 3599 2119 3673 814.)

658 3712 863 3793 Appel
891 3711 971 3776 de
994 3709 1284 3793 l'eveque
1312 3709 1853 3773 Contumeliosus
1873 3743 1957 3756 --
1979 3713 2139 3773 Vers
2162 3708 2294 3773 l'an
2329 3715 2474 3784 535,
2500 3713 2723 3775 Contu·

580 3826 914 3906 meliosus,
939 3828 1078 3891 l'un
1123 3826 1235 3889 des
1261 3824 1554 3907 Eveques
1597 3824 1677 3887 de
1713 3825 1778 3887 la
1807 3824 2076 3888 seconde
2105 3825 2411 3905 province
2437 3826 2722 3889 Narbon-

515 3921 517 3925 *
581 3942 786 4021 naise,
821 3941 1046 4006 accuse
1077 3940 1156 4005 de
1190 3940 1403 4004 divers
1448 3940 1709 4018 crimes,
1751 3940 1850 4003 sut
1882 3939 2246 4003 condamne
2283 3959 2401 4022 par
2432 3942 2724 4005 sentence

582 4056 912 4138 synodale,
944 4058 1009 4122 et
1036 4054 1327 4120 enferme
1368 4053 1533 4118 dans
1582 4073 1676 4117 un
1719 4054 2085 4119 monastere
2129 4072 2294 4135 pour
2334 4055 2495 4118 faire
2544 4053 2723 4136 peni-

580 4173 786 4234 tence.
835 4172 885 4235 11
927 4171 1099 4234 avait
1143 4170 1242 4233 ete
1288 4169 1674 4248 convaincu,
1711 4170 1758 4236 il
1802 4169 2013 4233 s'etait
2044 4169 2245 4234 avone
2288 4171 2624 4250 coupable,
2666 4170 2726 4233 et

575 4285 822 4365 ,n'avait
851 4303 1016 4366 pour
1057 4286 1187 4348 lors
1226 4283 1521 4365 interjete
1572 4300 1789 4347 aucun
1830 4285 2039 4364 appel.
2087 4284 2267 4347 Saint
2295 4284 2567 4363 Gesaire,
2611 4301 2722 4347 son

580 4399 1052 4481 metropolitain
1098 4401 1162 4463 et
1205 4398 1398 4481 Legat
1449 4399 1847 4481 apostolique
1884 4397 1975 4460 du
2007 4397 2395 4480 saint-siege
2416 4384 2603 4480 ‘pour
2636 4399 2723 4462 les

579 4516 839 4593 GauleS,
882 4514 1080 4578 avant
1122 4511 1201 4577 de
1252 4513 1505 4577 donner
1540 4530 1635 4575 un
1679 4530 2055 4579 successeur
2098 4514 2136 4579 a
2183 4514 2714 4605 Contumeliosus.
