3038 5623
601 734 744 802 450
1115 798 1137 814 „
1301 733 1722 810 QUATROEME
1774 751 2053 796 PARTIE.

592 916 747 962 nem
766 914 965 978 quam
986 912 1130 976 quae
1154 893 1238 957 sit
1259 894 1328 957 in
1349 894 1470 956 hac
1492 891 1903 973 professionis
1924 889 2073 954 fidei
2095 890 2394 966 formula,
2424 888 2718 951 futurum

586 1014 661 1077 ut
688 1013 903 1092 postea
930 1009 1184 1073 articuli
1221 1008 1374 1072 fidei
1403 1009 1547 1071 fuse
1580 1008 1645 1070 et
1679 1006 1927 1087 copiose
1959 1004 2474 1080 conscribantur,
2506 1003 2610 1065 vel
2651 1019 2724 1065 ex

583 1127 980 1193 confessione
1011 1124 1161 1188 fidei
1202 1124 1371 1187 facta
1410 1141 1448 1187 a
1492 1124 1723 1186 senatu
1771 1119 2111 1184 Parisiensi
2155 1136 2300 1201 quae
2344 1136 2384 1181 a
2425 1117 2719 1180 facultate

579 1242 920 1323 theologiae
949 1240 1073 1303 fuit
1113 1238 1486 1319 composita,
1528 1238 1592 1300 et
1628 1237 1692 1299 ei
1729 1234 2038 1312 exhibita,
2079 1234 2175 1296 vel
2221 1251 2298 1296 ex
2344 1231 2717 1312 confessione

579 1360 722 1441 fidei
743 1356 990 1420 concilii
1017 1353 1387 1418 Tridentini.
1414 1374 1446 1412 n
1479 1352 1800 1416 Peut-etre
1828 1349 2004 1413 aussi
2031 1350 2227 1431 qu'on
2253 1346 2582 1411 entendait
2604 1364 2719 1426 par

578 1491 683 1537 ces
711 1471 1003 1535 derniers
1047 1469 1215 1531 mots
1254 1468 1630 1531 l’ensemble
1659 1465 1773 1531 des
1804 1466 2116 1530 decisions
2146 1461 2594 1545 dogmatiques
2629 1460 2715 1523 du

576 1587 820 1651 concile
849 1584 925 1648 de
954 1584 1210 1646 Trente.

655 1702 867 1779 Quant
895 1719 977 1762 au
1006 1697 1250 1763 concile
1282 1697 1361 1761 de
1391 1696 1690 1761 Gambrai
1719 1696 1798 1759 de
1830 1702 2012 1770 1565,
2054 1695 2102 1757 il
2130 1694 2323 1757 serait
2349 1693 2606 1757 difficile
2635 1694 2712 1757 de

569 1818 909 1886 l'excuser‚
949 1814 1223 1895 puisque
1269 1813 1333 1876 la
1369 1812 1548 1875 bulle
1593 1810 1671 1874 de
1710 1811 1814 1874 Pie
1845 1815 1926 1874 IV
1953 1812 2045 1873 est
2087 1810 2166 1874 de
2202 1809 2455 1873 l'annee
2497 1808 2712 1890 prece-

571 1930 859 1995 cedente.
888 1932 986 1992 Au
1015 1928 1149 1990 lieu
1173 1927 1252 1990 de
1280 1927 1344 1988 la
1371 1926 1652 1988 formule
1677 1924 1983 2006 prescrite
2012 1943 2130 2005 par
2151 1943 2222 1988 ce
2257 1930 2446 2005 Pape‚
2477 1942 2564 1988 on
2582 1924 2712 1987 voit

568 2048 820 2128 figurer
847 2063 931 2107 au
957 2041 1515 2106 commencement
1541 2040 1655 2104 des
1678 2042 1868 2118 acteS,
1890 2058 2036 2104 sous
2060 2040 2120 2103 le
2147 2040 2292 2103 titre
2322 2040 2401 2103 de
2429 2038 2704 2119 preface‚

568 2180 699 2225 une
724 2158 1081 2241 profession
1105 2156 1184 2219 de
1205 2157 1290 2219 foi
1314 2156 1392 2219 de
1417 2156 1625 2219 forme
1647 2157 1820 2219 toute
1837 2154 2170 2219 differente
2192 2154 2298 2236 (1).
2322 2159 2436 2218 Les
2462 2154 2703 2236 proces-

562 2275 848 2338 verbaux
870 2272 1247 2353 rapportent
1267 2288 1350 2334 en
1375 2272 1561 2333 outre
1591 2288 1741 2351 que,
1769 2288 1934 2350 pour
1955 2271 2019 2333 13
2046 2269 2335 2333 maniere
2355 2270 2706 2350 d’accepter

561 2390 621 2452 le
663 2387 906 2451 concile
953 2386 1032 2449 de
1062 2386 1324 2461 Trente,
1364 2385 1424 2449 le
1461 2386 1838 2466 promoteur
1867 2384 2062 2448 remit
2088 2403 2213 2448 aux
2247 2384 2537 2466 Eveques
2568 2402 2696 2448 une

559 2502 839 2566 formule
867 2502 979 2582 qui
1009 2501 1182 2564 avait
1208 2499 1306 2563 ete
1346 2499 1603 2580 redigee
1633 2518 1798 2580 pour
1835 2502 1935 2563 cet
1960 2500 2156 2581 objet,
2186 2503 2251 2565 et
2275 2500 2433 2563 dont
2459 2500 2521 2563 le
2547 2498 2704 2563 fond

558 2616 713 2679 etait
742 2616 872 2695 pris
899 2614 990 2676 du
1015 2599 1256 2677 second*
1273 2614 1564 2694 chapitre
1591 2614 1668 2676 de
1695 2616 1756 2677 la
1787 2621 1886 2675 250
1906 2615 2172 2677 session.
2204 2615 2340 2678 Elle
2364 2614 2516 2677 etait
2542 2632 2700 2677 con-

558 2748 679 2805 cue
707 2748 791 2793 en
811 2746 916 2791 ces
945 2729 1185 2791 termes
1214 2746 1231 2791 z
1271 2750 1304 2788 α,
1324 2732 1455 2810 Ego
1482 2733 1557 2793 N.
1584 2728 1809 2792 omnia
1834 2731 1901 2793 et
1924 2728 2184 2809 singula
2207 2748 2353 2810 quae
2382 2728 2452 2791 in
2479 2731 2701 2792 sancta

556 2868 587 2906 >³
626 2844 869 2926 synodo
897 2842 1274 2907 Tridentina
1303 2844 1569 2908 definita
1608 2847 1672 2908 et
1716 2845 1951 2909 statuta
1980 2847 2133 2908 sunt
2166 2845 2379 2926 palam
2416 2846 2654 2926 recipio
2672 2865 2693 2926 3

554 2982 586 3020 η
622 2977 875 3033 necnon
903 2976 1128 3021 veram
1146 2958 1578 3023 obedientiam
1603 2977 1862 3022 summo
1885 2964 2174 3024 Romano
2197 2960 2485 3023 Pontifici
2508 2978 2695 3041 spon-

553 3099 584 3136 »
622 3077 741 3140 deo
771 3077 835 3139 et
865 3075 1188 3156 profiteor,
1221 3073 1550 3156 simulque
1581 3074 1857 3139 haereses
1902 3092 2132 3139 omnes
2172 3093 2213 3138 a
2258 3075 2454 3139 sacris
2497 3093 2694 3139 cano-

553 3213 585 3251 »
624 3192 819 3254 nibus
860 3191 923 3252 et
969 3190 1387 3269 generalibus
1429 3189 1720 3253 conciliis
1768 3189 2260 3271 praesertimque
2303 3208 2339 3252 a
2386 3190 2690 3270 praedicta

552 3328 586 3365 ))
621 3304 867 3386 synodo
903 3303 1280 3366 Tridentina
1314 3302 1680 3382 damnatas,
1721 3305 1977 3385 publice
2021 3305 2302 3385 detestor
2320 3306 2387 3379 et
2414 3305 2687 3369 anathe-

550 3441 582 3477 »
624 3418 876 3481 matizo,
910 3438 941 3475 ›>
977 3420 1077 3479 Au
1105 3418 1295 3496 reste,
1323 3419 1389 3481 la
1413 3417 1738 3500 reception
1777 3420 1865 3483 du
1893 3421 2137 3484 concile
2165 3419 2246 3483 de
2275 3423 2513 3484 Trente
2533 3439 2686 3484 ren-

550 3533 777 3596 contra
799 3532 911 3595 des
929 3532 1320 3612 oppositions
1344 3531 1507 3595 dans
1531 3551 1603 3596 ce
1627 3534 1892 3615 synode,
1914 3535 1978 3597 et
2000 3535 2063 3598 13
2078 3534 2414 3599 collection
2438 3535 2688 3599 d'Odes-

547 3665 684 3727 pun
710 3664 875 3709 nous
898 3644 1086 3708 laisse
1107 3645 1371 3726 ignorer
1394 3646 1449 3709 si
1474 3647 1567 3710 les
1595 3649 1764 3711 actes
1787 3648 2007 3713 furent
2029 3649 2385 3729 approuves
2403 3649 2442 3714 a
2461 3653 2685 3728 Rome,

545 3763 609 3825 et
638 3761 855 3824 meme
883 3761 1015 3824 s’ils
1041 3779 1086 3842 y
1115 3760 1334 3824 iurent
1368 3762 1670 3844 envoyes.

628 3878 787 3953 Quoi
818 3875 979 3958 qu'il
1018 3893 1102 3937 en
1146 3875 1290 3955 soit,
1319 3894 1413 3940 un
1455 3879 1545 3942 tel
1572 3880 1858 3961 exemple
1887 3898 1971 3944 ne
2001 3899 2245 3961 prouve
2267 3881 2423 3946 'rien
2452 3882 2678 3945 contre

539 3992 599 4056 le
632 3992 919 4073 precepte
948 3990 1179 4052 formel
1222 3990 1464 4071 impose
1494 4009 1622 4056 aux
1648 3994 1935 4076 Eveques
1963 3996 2077 4077 qui
2105 3996 2402 4059 assistent
2428 4014 2593 4077 pour
2616 3998 2684 4059 la

543 4104 861 4186 premiere
892 4103 1014 4167 fois
1043 4121 1128 4167 au
1157 4104 1397 4169 concile
1418 4105 1500 4170 de
1528 4107 1687 4172 faire
1716 4110 1780 4172 ia
1807 4109 2161 4191 profession
2185 4110 2262 4173 de
2285 4110 2374 4173 foi
2403 4110 2582 4174 selon
2612 4110 2680 4174 la

539 4219 819 4283 formule
849 4218 928 4282 de
962 4219 1068 4283 Pie
1099 4223 1200 4281 IV.
1236 4222 1314 4283 Ge
1353 4220 1648 4303 precepte
1690 4242 1728 4287 a
1765 4223 1864 4288 ete
1896 4224 2381 4306 generalement
2408 4225 2679 4291 observe

602 4465 663 4527 (ι)
693 4464 947 4527 Odespun,
979 4476 1029 4528 p.
1058 4438 1163 4516 123.
