3038 5623
402 815 705 863 coNcnAE
758 814 973 860 Pnov.
1015 813 1154 859 PAR
1200 810 1525 857 RAPPORT
1573 809 1668 856 An
1724 795 2194 859 sAm‘r-snicn.
2304 792 2439 861 291

306 955 691 1038 pulverisees
718 973 830 1037 par
864 955 927 1019 le
959 953 1186 1018 savant
1234 952 1384 1018 Chr.
1411 950 1611 1029 Wolf,
1634 950 1797 1016 dans
1842 970 1961 1016 son
2005 952 2192 1016 traite
2220 953 2293 1017 de
2329 957 2449 1019 Ro·

320 1073 522 1136 manis
547 1069 1088 1154 appellationibus.

383 1188 591 1270 Appel
616 1187 696 1251 de
721 1188 985 1251 Montan
1011 1186 1075 1249 et
1111 1184 1190 1248 de
1219 1184 1547 1266 plusieurs
1574 1185 1818 1263 autreS,
1846 1203 1993 1249 vers
2025 1184 2159 1249 l'an
2189 1191 2330 1248 205.
2371 1217 2447 1232 —

308 1304 605 1369 L'auteur
634 1320 764 1384 que
798 1319 962 1366 nous
988 1318 1239 1365 venons
1264 1298 1636 1382 d’indiquer
1665 1317 1746 1363 en
1772 1299 1892 1363 fait
1915 1300 2210 1365 mention
2236 1318 2318 1363 en
2348 1317 2451 1364 ces

306 1422 537 1483 termes
568 1436 585 1480 ε
622 1440 654 1477 «
677 1418 1086 1494 Montanum,
1117 1416 1523 1491 Florianum,
1549 1416 1864 1495 Blastum,
1896 1416 2241 1498 pluresque
2277 1416 2449 1501 ipso-

310 1557 339 1595 »
371 1553 526 1599 rum
556 1534 832 1597 asseclas
868 1533 1064 1597 fuisse
1098 1550 1137 1596 a
1174 1531 1374 1596 variis
1413 1550 1533 1613 per
1567 1531 2077 1610 Antiochenam,
2107 1531 2454 1596 Asiaticam

309 1671 339 1709 a
372 1650 435 1714 et
474 1649 814 1714 Ponticam
857 1647 1160 1713 dioeceses
1205 1646 1472 1730 synodis
1514 1646 1858 1711 damnatos
1904 1647 2102 1711 refert
2143 1647 2456 1711 Eusebius

310 1786 338 1824 a
370 1764 809 1829 Caesaraeensis
836 1766 901 1843 (l.
927 1768 1006 1842 V,
1027 1782 1083 1828 c.
1112 1765 1346 1844 ἰδ-18»
1370 1763 1719 1844 appellasse
1731 1779 1886 1827 vero
1904 1762 1986 1826 ad
2008 1762 2457 1844 zephyrinum

308 1902 336 1939 >³
371 1881 767 1962 pontificem,
789 1880 1183 1962 postulantes
1211 1880 1334 1943 sihi
1362 1897 1437 1943 ac
1460 1877 1744 1943 ecclesiis
1783 1879 1919 1943 suis
1947 1877 2131 1942 reddi
2172 1879 2458 1943 ablatam

314 2017 342 2052 ³>
373 1995 858 2059 communionis
884 2013 1106 2077 pacem
1142 1996 1415 2059 testatur
1447 1994 1891 2058 Tertullianus
1923 1993 1994 2056 in
2035 1993 2205 2057 libro
2232 1996 2460 2058 contra

310 2131 342 2171 »
372 2115 708 2189 Praxeam,
736 2111 941 2192 capite
970 2111 1207 2192 primo,
1239 2110 1400 2174 dure
1428 2110 1499 2173 in
1532 2110 1721 2173 illum
1755 2111 1998 2187 (contre
2029 2109 2317 2187 Praxeas)
2351 2110 2455 2173 in-

312 2246 342 2285 »
373 2227 632 2304 vectus„
676 2225 856 2308 quod
896 2225 1389 2306 circumscripto
1429 2223 1726 2288 Pontifici
1769 2222 2021 2287 dolosas
2063 2224 2456 2305 pseudopro-

311 2362 346 2398 »
380 2340 588 2420 phetae
619 2340 883 2405 technas
907 2339 1228 2421 aperiens,
1255 2338 1524 2402 emissas
1549 2337 2163 2401 communicatorias
2190 2338 2455 2417 litteraS,

310 2478 340 2515 υ
375 2456 442 2520 id
479 2457 614 2533 est,
659 2455 953 2537 priorum
993 2454 1408 2537 synodalium
1452 2453 1928 2517 sententiarum
1963 2452 2454 2519 dissolutionem

298 2591 330 2630 n
360 2571 622 2635 fecisset
652 2569 965 2634 revocari.
997 2592 1033 2631 >³
1062 2570 1360 2649 (Wolf,·t.
1391 2574 1441 2647 I,
1472 2588 1536 2650 p.
1567 2571 1740 2647 292.)

376 2685 559 2750 Trois
587 2686 808 2749 autres
837 2686 1057 2767 appels
1079 2688 1228 2749 'sont
1256 2684 1423 2748 ainsi
1454 2684 1871 2749 mentionnes
1892 2684 2054 2750 dans
2071 2686 2132 2750 le
2159 2686 2348 2751 traite
2372 2687 2452 2753 de

296 2801 446 2868 Chr.
467 2801 647 2867 Wolf
668 2820 783 2866 sur
805 2802 963 2867 cette
989 2800 1295 2867 matiere:
1328 2824 1359 2862 α
1380 2800 1724 2884 Dionysius
1745 2801 2242 2881 AlexandrinuS,
2263 2804 2360 2868 uti
2381 2777 2450 2868 in

297 2939 330 2980 »
361 2918 531 2982 libro
557 2917 638 2982 de
663 2920 805 2999 ejus
836 2918 1152 2982 sententia
1180 2918 1377 2982 refert
1401 2921 1666 2982 sanctus
1693 2918 2106 2997 AthanasiuS,
2138 2922 2208 2983 in
2238 2921 2453 3001 prima

295 3055 329 3094 a
363 3035 677 3101 instantia
711 3051 750 3097 a
780 3033 1283 3114 Pentapolitanae
1327 3034 1676 3114 provinciae
1703 3030 2024 3116 Episcopis
2051 3035 2299 3099 delatus
2323 3035 2450 3099 fuit

297 3171 330 3210 2>
366 3150 445 3214 ad
474 3150 859 3231 Dionysium
898 3167 1131 3232 papam
1170 3152 1362 3232 atque
1403 3149 1485 3212 ab
1530 3148 1642 3212 illo
1678 3149 2002 3229 judicatus
2035 3169 2052 3211 ε
2093 3151 2449 3230 Polycrates

299 3286 331 3325 a
364 3266 796 3348 Ephesiorum
825 3284 864 3330 a
891 3266 1145 3330 Victore
1175 3266 1390 3348 primo
1428 3283 1445 3327 z
1483 3264 1566 3327 ab
1597 3263 1922 3343 Stephano
1959 3264 2172 3345 primo
2212 3267 2448 3330 Firmi-

302 3403 333 3441 »
367 3382 583 3446 lianus
611 3381 971 3464 Cappadox,
1000 3382 1243 3463 primas
1269 3381 1708 3447 Ponticorum.
1737 3401 1768 3439 ι»
1804 3384 1905 3460 (Τ.
1940 3385 1987 3459 1,
2020 3400 2080 3463 p.
2116 3387 2287 3456 293.)

384 3499 587 3580 Appel
623 3498 703 3562 de
736 3497 1025 3581 l'eveque
1050 3498 1287 3576 Privat,
1315 3515 1463 3560 vers
1498 3496 1627 3560 l'an
1654 3503 1795 3561 251.
1825 3531 1903 3544 —
1939 3497 2174 3575 Privat,
2209 3499 2449 3584 eveque

301 3613 497 3677 d’une
524 3614 679 3677 ville
708 3613 788 3677 de
818 3614 881 3676 la
917 3613 1243 3691 Numidie,
1273 3612 1445 3677 avait
1479 3611 1578 3676 ete
1611 3612 1975 3677 condamne
2007 3633 2123 3695 par
2163 3634 2253 3678 un
2287 3635 2448 3680 con-

301 3730 423 3794 cile
448 3729 525 3794 de
557 3728 1147 3813 quatre-vingt-dix
1174 3721 1492 3810 EvequeS,
1519 3729 1585 3791 et
1615 3747 1710 3791 un
1748 3730 1995 3792 concile
2026 3730 2105 3794 de
2135 3732 2448 3813 Carthage

304 3845 475 3909 avait
497 3843 817 3909 confirma
844 3845 910 3908 la
938 3844 1261 3908 sentence.
1299 3843 1353 3906 Il
1384 3860 1636 3924 envoya
1665 3842 1704 3906 a
1731 3849 1931 3909 Rome
1955 3863 2046 3908 un
2080 3845 2340 3910 homme
2369 3847 2449 3912 de

301 3976 418 4023 son
451 3960 648 4041 parti.
677 3963 761 4022 Le
797 3959 967 4042 siege
999 3960 1078 4023 de
1116 3964 1318 4024 Rome
1351 3958 1530 4022 etant
1555 3959 1724 4022 alors
1759 3962 1989 4023 vacant
2024 3978 2144 4041 par
2179 3962 2241 4025 la
2279 3965 2451 4027 mort

302 4073 386 4139 du
442 4094 605 4157 pape
656 4074 826 4137 saint
876 4075 1116 4139 Fabien
1138 4122 1159 4154 ,
1216 4074 1278 4139 le
1329 4074 1544 4156 clerge
1601 4075 1858 4139 romain
1910 4074 2136 4139 ecrivit
2187 4075 2224 4140 a
2281 4079 2449 4143 saint

301 4191 575 4272 Cyprien
612 4208 629 4253 ε

386 4330 418 4367 α
443 4311 577 4371 Nos
606 4305 810 4371 etiam
846 4306 994 4370 ante
1028 4304 1270 4368 litteras
1298 4306 1444 4372 tuas
1469 4306 1651 4370 fraus
1676 4306 1890 4370 callidi
1930 4306 2218 4372 hominis
2247 4310 2448 4375 latere

298 4442 332 4482 »
364 4440 504 4486 non
544 4420 782 4503 potuit.
810 4425 972 4487 Nam
996 4439 1149 4485 cum
1172 4422 1449 4486 antehac
1478 4422 1753 4505 quidam
1781 4441 1858 4486 ex
1893 4423 2095 4505 ipsius
2139 4427 2447 4508 nequitiae
