3038 5623
717 796 746 864 1
770 793 857 864 14
1423 794 1800 860 nssuxlimss
1851 814 2130 863 murm.

703 978 736 1018 ι
766 974 1024 1031 norem,
1048 956 1210 1039 quin
1234 955 1433 1021 etiam
1449 954 1968 1038 jurisdictionem
1998 956 2247 1023 babitu.
2280 958 2592 1024 Similiter
2614 976 2827 1041 reprae-
2963 1019 2964 1042 2

706 1095 737 1133 ι»
769 1072 1028 1137 sentant
1058 1072 1371 1152 populum
1406 1070 1668 1149 habitu,
1707 1071 1856 1134 licet
1888 1089 2025 1135 non
2061 1075 2208 1139 actu
2225 1119 2246 1149 ,
2277 1092 2438 1156 quos
2475 1075 2671 1138 etiam
2707 1091 2827 1138 cre-

703 1210 735 1249 »
766 1187 990 1251 dimus
1014 1203 1150 1250 non
1173 1203 1393 1249 carere
1416 1186 1655 1267 populo
1685 1184 2040 1250 christiano
2067 1186 2439 1252 infidelibus
2461 1189 2824 1270 permixto.»

704 1308 854 1370 Haec
895 1303 1116 1366 tamen
1152 1300 1476 1384 quadrant
1514 1300 1796 1381 proiecto
1840 1300 2055 1383 quoad
2098 1303 2376 1367 concilia
2414 1305 2731 1385 cmi-alia
2771 1307 2831 1370 et

701 1419 1101 1495 oecunwnica,
1139 1416 1219 1480 de
1251 1416 1492 1501 quibus
1531 1415 1797 1480 indubie
1833 1417 1972 1498 agit
2001 1419 2408 1500 CampegiuS,
2450 1437 2587 1484 non
2623 1421 2829 1485 autem

701 1532 918 1616 quoad
957 1531 1227 1595 concilia
1264 1530 1682 1612 particularia
1727 1549 1842 1595 seu
1878 1532 2337 1612 provincialia,
2383 1533 2453 1597 in
2491 1536 2728 1617 quibus
2764 1535 2833 1598 ut

699 1648 1044 1730 Episcopus
1069 1665 1222 1711 voce
1246 1647 1479 1728 polleat
1499 1645 1802 1721 decisiva‚
1831 1664 2087 1711 necesse
2111 1649 2305 1711 estut
2332 1651 2565 1713 actuali
2589 1650 2832 1715 fruatur

693 1761 1142 1845 jnrisdictione
1189 1760 1259 1823 in
1294 1761 1661 1842 provincia,
1702 1763 1892 1843 cujus
1931 1762 2191 1844 negotia
2230 1765 2297 1827 et
2329 1781 2542 1829 causae
2587 1766 2829 1827 tantum

696 1879 1135 1959 subjectorum
1180 1876 1253 1939 in
1292 1877 1568 1941 concilio
1611 1877 2063 1957 expenduntur
2071 1896 2095 1959 3
2142 1880 2204 1941 et
2235 1880 2508 1959 proinde
2546 1880 2663 1963 qui
2708 1897 2829 1944 non

696 1992 889 2057 babet
911 1992 1431 2075 jurisdictionem
1459 1991 1531 2055 in
1558 2008 1658 2069 ea,
1688 1993 1865 2056 caret
1892 1993 2276 2057 auctoritate
2303 1994 2747 2076 injudicando
2773 1995 2832 2059 et

695 2108 1053 2173 statuenda.
1081 2108 1262 2184 Quod
1291 2106 1531 2171 clarius
1552 2107 1725 2187 patet
1746 2125 1825 2170 ex
1843 2107 2056 2171 verbis
2077 2107 2502 2172 eruditissimi
2529 2109 2828 2187 catalani,
2963 2137 2964 2140 ¹

700 2223 1046 2289 Caercmon.
1084 2224 1404 2303 Episcop.,
1434 2240 1574 2302 cap.
1593 2228 1697 2300 31,
1738 2223 1777 2303 ξ
1812 2229 1875 2299 2,
1916 2240 2091 2286 num.
2131 2229 2166 2286 6
2179 2243 2200 2304 ;
2249 2223 2339 2287 ibi
2381 2226 2610 2290 εα8011
2631 2226 2832 2308 itaque
2963 2241 2964 2306 ξ

693 2362 725 2400 »
756 2338 1046 2420 Episcopi
1076 2337 1623 2417 comprovinciales
1655 2354 1809 2400 cum
1837 2338 2329 2419 Metropolitano
2353 2357 2586 2404 vocem
2616 2338 2832 2403 decisi-

691 2477 723 2513 »
754 2445 908 2518 vam
935 2453 1256 2531 obtinent,
1283 2470 1550 2536 unaque
1578 2451 1734 2516 eum
1763 2452 1899 2532 ipso
1922 2452 2293 2533 judicant.»
2331 2456 2408 2518 Et
2437 2453 2832 2534 apertissime
2963 2477 2964 2518 i

691 2569 863 2652 patet
883 2568 962 2631 de
979 2569 1130 2648 jure
1150 2567 1362 2649 quoad
1385 2567 1705 2630 vicarium
1725 2568 2226 2648 Metropolitani,
2251 2569 2366 2651 qui
2386 2568 2470 2632 sit
2491 2569 2832 2650 Episcopus
2962 2599 2965 2634 2

689 2684 754 2748 et
787 2682 1057 2746 consilio
1093 2681 1345 2745 intersit
1373 2698 1505 2745 una
1533 2699 1690 2745 cum
1717 2683 2225 2764 MetropolitanO.
2268 2684 2368 2747 Illi
2405 2684 2594 2768 enim
2626 2684 2836 2747 suffra·

693 2799 880 2883 gium
912 2797 1292 2880 denegatur,
1329 2797 1485 2860 teste
1524 2796 1699 2861 card.
1742 2800 1925 2862 Petra
1953 2798 2097 2877 (loc.
2129 2799 2260 2877 cit„
2289 2818 2468 2862 num.
2503 2801 2633 2879 64),
2671 2799 2736 2863 et
2767 2814 2835 2862 ex
2963 2828 2964 2863 1

690 2914 985 2997 superius
1025 2914 1228 2977 relata
1270 2912 1568 2976 doctrina
1607 2912 1879 2991 Zerolae,
1923 2913 2038 2976 ubi
2076 2913 2372 2995 loquitur
2408 2914 2489 2979 de
2535 2915 2834 2996 Episcopo
2963 2966 2964 2973 ,

692 3017 961 3096 alterius
981 3027 1356 3110 provinciae,
1382 3026 1495 3109 qui
1527 3025 1783 3091 admitti
1813 3030 2016 3109 potest
2037 3029 2134 3091 uti
2157 3029 2513 3108 consultor,
2545 3047 2667 3094 seu
2694 3045 2836 3092 cum
2962 3088 2964 3105 ἶ

688 3147 839 3210 voto
875 3143 1259 3220 consultivo,
1293 3143 1419 3206 nisi
1448 3143 1673 3206 tamen
1701 3142 1779 3206 ad
1815 3145 2044 3206 votum
2072 3143 2429 3207 decisivum
2467 3142 2835 3207 admittere-

690 3263 804 3324 tur
836 3279 914 3324 ex
943 3276 1261 3323 consensu
1295 3258 1583 3333 concilii,
1623 3257 1693 3320 in
1727 3276 1858 3342 quo
1909 3258 2270 3340 requiritur
2306 3276 2668 3322 consensus
2699 3275 2832 3322 om·
2963 3272 2964 3327 ἒ

692 3377 884 3440 nium
910 3375 1465 3455 coepiscoporum,
1494 3378 1572 3436 ut
1590 3373 1786 3437 tradit
1812 3377 1998 3438 Petra
2021 3374 2155 3455 (loc.
2185 3374 2288 3436 cit.
2316 3393 2491 3438 num.
2523 3380 2602 3436 68
2633 3371 2830 3454 0169),
2963 3422 2964 3439 2

694 3491 758 3554 et
783 3490 1108 3566 Quaranta
1135 3471 1301 3567 (loco
1328 3489 1546 3565 citato,
1578 3489 1647 3550 in
1673 3488 1875 3551 addit.
1908 3488 1993 3550 ad
2028 3506 2090 3568 q.
2117 3488 2255 3565 28).

774 3603 984 3669 Posita
1030 3603 1252 3666 autem
1300 3600 1694 3664 admissione
1726 3601 2064 3665 enunciati
2101 3601 2393 3682 Episcopi
2443 3600 2731 3664 titularis
2754 3597 2831 3663 ad
2963 3630 2964 3665 2

693 3718 1042 3783 concilium
1068 3718 1390 3798 Aquense,
1419 3714 2101 3798 videndum'sequitur
2128 3734 2293 3778 num
2335 3715 2674 3797 Episcopus
2699 3713 2830 3779 suf-

714 3850 1027 3916 raganeos
1050 3829 1406 3912 praecedere
1444 3830 1694 3909 debeat,
1738 3830 1793 3892 si
1835 3830 2160 3913 antiquior
2198 3829 2329 3894 illis
2353 3829 2547 3894 fuerit
2586 3829 2659 3892 in
2691 3846 2828 3910 pro·
2963 3852 2964 3883 i

693 3948 980 4011 motione
1008 3945 1089 4009 ad
1107 3945 1563 4026 episcopatum,
1594 3945 1764 4027 quod
1784 3943 2067 4008 secundo
2083 3945 2223 4009 loco
2246 3944 2584 4027 quaeritur.
2618 3942 2830 4008 Patula

693 4062 795 4126 est
818 4060 1147 4141 dispositio
1172 4059 1403 4140 capitis
1426 4065 1537 4138 31,
1566 4059 1718 4123 libri
1752 4065 1813 4138 1,
1847 4059 2312 4125 caeremonialis
2345 4059 2829 4140 Episcoporum,

693 4192 825 4259 qua
834 4175 1142 4238 statuitur
1161 4176 1236 4238 ut
1254 4175 1548 4256 Episcopi
1560 4174 1920 4256 praecedant
1931 4175 2137 4258 juxta
2154 4175 2436 4238 ordinem
2450 4192 2670 4238 eorum
2678 4188 2825 4255 pro·

697 4289 1008 4362 motionis,
1035 4289 1210 4352 nullo
1239 4289 1452 4353 habito
1478 4297 1755 4370 respectu
1778 4289 1864 4352 ad
1891 4290 2264 4370 diqnitatem
2302 4289 2398 4352 ccl
2426 4288 2828 4370 praeminen-
2963 4256 2964 4279 ³

696 4405 852 4468 tiam
875 4403 1316 4469 Ecclesiarum.
1348 4404 1468 4469 Ubi
1496 4405 1797 4469 observat
1821 4404 2161 4468 Catalan-us
2187 4403 2279 4482 (in
2311 4403 2349 4484 ξ,
2379 4409 2478 4482 15)
2510 4420 2528 4464 :
2556 4403 2826 4483 spectant

692 4520 830 4583 Jioec
842 4517 1089 4600 quidem
1108 4525 1242 4582 tum
1256 4521 1679 4597 oecumenicas,
1702 4526 1835 4583 tum
1845 4519 2268 4602 provinciales
2289 4517 2578 4601 synodos.
2612 4520 2682 4580 in
2703 4514 2824 4579 hoc
