3038 5623
642 830 782 898 476
1323 827 1742 906 QUATmizME
1800 846 2082 892 PARTm.

723 991 904 1056 Saint
924 990 1094 1055 Leon
1121 993 1202 1054 IX
1229 990 1432 1053 eston
1456 1007 1541 1053 ne
1567 989 1719 1070 peut
1755 988 1902 1069 plus
1930 987 2225 1068 explicite
2256 1006 2371 1052 sur
2399 1007 2471 1052 ce
2493 988 2663 1085 point
2683 986 2751 1051 de

643 1222 723 1285 de
754 1221 1065 1303 Carthage
1100 1240 1116 1283 ε
1161 1243 1193 1279 ε(
1220 1220 1482 1284 Noveris
1515 1238 1671 1301 ergo
1700 1219 1924 1299 procul
1952 1219 2173 1298 dubio,
2203 1219 2357 1302 quia
2392 1222 2530 1301 post
2552 1224 2762 1283 Roma-

644 1355 812 1400 num
860 1336 1233 1400 Pontificem
1281 1336 1534 1417 primus
1599 1335 2130 1416 Archiepiscopus
2184 1336 2250 1398 et
2312 1335 2504 1398 totius
2554 1335 2764 1398 Africoe

646 1452 969 1515 maximus
996 1450 1519 1530 Metropolitanus
1550 1452 1645 1513 est
1687 1450 2212 1531 carthaginensis
2248 1451 2615 1531 Episcopus
2656 1454 2766 1513 Nec

645 1566 1041 1649 quicumque
1070 1565 1154 1627 sit
1199 1566 1306 1628 ille
1355 1565 1816 1629 Gummitanus
1854 1566 2226 1647 Episcopus,
2268 1565 2557 1647 aliquam
2590 1565 2770 1628 licen-

646 1681 807 1744 tiam
831 1679 1248 1743 consecrandi
1277 1680 1637 1761 Episcopos,
1669 1682 1773 1744 vel
1810 1680 2200 1762 deponendi,
2242 1698 2353 1744 seu
2399 1679 2771 1762 provinciale

644 1796 994 1859 concilium
1037 1795 1433 1860 convocandi
1481 1795 1676 1859 habet
1716 1796 1856 1859 sine
1902 1814 2218 1859 consensu
2270 1794 2772 1877 carthaginensis

646 1911 1139 1992 Archiepiscopi‚
1197 1911 1543 1992 cujuslibet
1589 1910 1921 1993 dignitatis
1965 1914 2080 1974 aut
2138 1912 2457 1993 potestatis
2518 1911 2623 1985 sit,
2674 1928 2770 1973 ex-

644 2026 842 2107 ceptis
890 2026 990 2089 his
1025 2044 1169 2108 quae
1219 2027 1299 2089 ad
1339 2026 1668 2108 propriam
1719 2026 2094 2107 parochiam
2125 2026 2471 2107 pertinent.
2505 2029 2642 2088 Hoc
2668 2041 2771 2087 au-

646 2142 781 2204 tem
810 2142 961 2205 nolo
987 2159 1101 2205 vos
1141 2142 1355 2220 lateat,
1391 2159 1524 2204 non
1562 2141 1793 2205 debere
1824 2143 2054 2222 praeter
2091 2141 2482 2205 sententiam
2513 2137 2770 2205 Romani

648 2257 970 2321 Pontificis
989 2257 1356 2321 universale
1374 2256 1721 2321 concilium
1752 2257 2086 2336 celebrari,
2117 2259 2229 2320 aut
2253 2256 2595 2337 Episcopos
2613 2255 2776 2318 dam·

621 2406 625 2411 ·
649 2373 796 2436 nari
823 2373 928 2436 vel
957 2372 1189 2453 dcponi
1231 2389 1248 2434 ε
1281 2374 1435 2455 quia
1459 2372 1577 2436 etsi
1605 2372 1756 2436 licet
1781 2373 1963 2436 vobis
1989 2372 2238 2454 aliquos
2267 2372 2612 2454 Episcopos
2640 2387 2772 2434 exa-

649 2489 938 2565 minare,
982 2488 1396 2552 diffinitivam
1460 2491 1682 2551 tamen
1733 2489 2157 2567 sententiam,
2205 2489 2443 2570 absque
2488 2486 2777 2550 consultu

648 2602 921 2665 Romani
956 2602 1302 2681 PontificiS,
1345 2605 1422 2666 ut
1461 2603 1710 2667 dictum
1748 2606 1867 2677 est,
1898 2621 2032 2666 non
2069 2603 2220 2666 licet
2263 2603 2414 2667 dare
2456 2622 2473 2665 τ
2517 2602 2689 2686 quod
2718 2600 2777 2662 in

650 2716 883 2780 sanctis
910 2718 1267 2780 canonibus
1307 2719 1647 2797 statutum,
1690 2718 1743 2782 si
1782 2717 2094 2800 quaeritis,
2127 2717 2384 2799 potestis
2412 2717 2776 2781 invenire...

650 2832 887 2896 scilicet
931 2833 1087 2914 quia
1132 2834 1434 2899 omnium
1484 2835 1901 2898 ecclesiarum
1958 2836 2239 2915 majores
2288 2836 2355 2897 et
2398 2833 2780 2898 difficiliores

651 2965 882 3027 causae,
910 2966 1023 3030 per
1052 2951 1339 3013 sanctam
1368 2951 1432 3014 et
1472 2950 1893 3030 principalem
1925 2950 2091 3014 beati
2120 2950 2288 3014 Petri
2318 2950 2545 3014 Sedem
2579 2968 2617 3014 a
2644 2966 2776 3012 suc·

649 3064 1004 3127 cessoribus
1051 3067 1193 3145 ejus
1241 3067 1395 3129 sunt
1441 3065 1857 3129 diffiniendae.
1906 3086 1940 3126 n
1977 3065 2180 3148 (Apud
2211 3066 2446 3143 Labbe‚
2476 3066 2658 3128 tomo
2684 3068 2778 3141 IX,

652 3198 795 3262 pag.
832 3188 975 3260 972,
1001 3180 1154 3244 edit.
1187 3181 1408 3257 Paris.)

731 3299 810 3359 Ce
838 3297 1001 3359 texte
1044 3297 1356 3360 confirme
1403 3297 1573 3361 aussi
1616 3300 1799 3362 notre
1845 3298 2026 3363 these
2069 3317 2185 3362 sur
2228 3298 2636 3380 l'obligation
2680 3296 2778 3358 des

652 3414 963 3492 Eveques,
1003 3429 1330 3476 reconnue
1360 3412 1437 3476 de
1474 3415 1618 3477 tout
1642 3416 1851 3496 temps
1900 3433 2154 3478 comme
2202 3415 2510 3492 certaine,
2557 3415 2636 3477 de
2679 3411 2776 3475 re-

650 3524 820 3588 feror
871 3542 955 3587 au
1004 3526 1354 3591 Souverain
1385 3529 1631 3593 Pontife
1663 3531 1758 3593 les
1786 3547 2008 3593 causes
2045 3530 2348 3611 majeures
2378 3537 2432 3591 et
2478 3529 2773 3610 difficiles.

650 3643 732 3706 Ge
769 3658 893 3722 que
923 3640 1092 3703 saint
1138 3640 1309 3704 Leon
1353 3647 1433 3705 lX
1483 3643 1578 3706 dit
1625 3644 1705 3708 ici
1753 3645 1838 3707 du
1871 3645 2115 3709 concile
2156 3646 2487 3722 universal,
2542 3643 2775 3707 semble

652 3754 874 3817 devoir
931 3756 1292 3820 s'entendre
1348 3757 1543 3822 d'une
1592 3760 1996 3835 universatim
2047 3760 2309 3825 relative
2375 3777 2502 3822 aux
2557 3758 2776 3840 eglises

650 3870 999 3954 d'Afrique.

730 3990 825 4049 On
854 3987 1006 4067 peut
1027 3987 1168 4050 voir
1195 3988 1366 4052 aussi
1390 3989 1551 4053 dans
1574 4008 1705 4053 une
1734 3992 1919 4054 lettre
1949 3991 2027 4054 de
2054 3990 2226 4053 saint
2248 3995 2408 4067 IveS,
2434 3987 2678 4071 eveque
2704 3983 2775 4046 de

650 4101 971 4181 charum,
1002 4122 1086 4166 en
1115 4111 1297 4182 1092,
1323 4109 1653 4182 comment
1692 4106 1739 4170 il
1766 4124 2037 4188 suppose
2062 4124 2185 4189 que
2216 4106 2274 4168 le
2302 4103 2470 4167 droit
2492 4104 2572 4167 de
2595 4105 2775 4184 juger

652 4235 725 4279 en
756 4217 1058 4296 definitive
1079 4219 1170 4282 les
1189 4238 1410 4284 causes
1435 4223 1761 4301 maJeures
1784 4220 1895 4284 des
1924 4221 2232 4303 EvequeS,
2256 4239 2292 4282 a
2312 4220 2391 4283 de
2414 4220 2554 4282 tout
2577 4222 2773 4295 temps

651 4333 1007 4412 appartenu
1054 4334 1558 4399 exclusivement
1605 4353 1687 4399 au
1745 4335 2140 4418 Saint-Siege
2188 4335 2496 4417 (Epistola
2542 4342 2619 4411 3,
2660 4334 2771 4394 Ur-

651 4447 820 4509 bano
848 4450 924 4525 ΙΙ,
956 4464 1228 4527 operum
1250 4451 1425 4513 tomo
1452 4455 1523 4528 11,
1559 4451 1795 4534 pagina
1819 4459 1880 4530 2,
1912 4451 2063 4514 edit.
2099 4451 2378 4529 ParisiiS‚
2414 4458 2618 4527 1647.)

729 4565 783 4626 Α
829 4580 932 4626 ces
960 4562 1425 4647 temoignageS,
1456 4567 1615 4648 qu'il
1656 4567 1846 4632 serait
1877 4566 2058 4630 facile
2096 4566 2174 4630 de
2204 4566 2583 4647 multiplier‚
2615 4577 2769 4626 nous
