3038 5623
721 830 862 900 418
1401 830 1822 909 QUATRIifflE
1876 850 2159 896 PARTIB-

713 1015 747 1053 n
784 992 1130 1070 defuerint,
1155 991 1321 1057 sicut
1348 990 1556 1072 prisca
1577 1009 1906 1056 canonum
1934 990 2235 1073 praecepit
2257 988 2623 1067 auctoritas,
2643 1006 2825 1071 usque

715 1128 747 1170 n
781 1108 861 1174 ad
919 1108 1278 1190 proximam
1329 1108 1655 1190 synodum
1692 1126 1731 1171 a
1775 1107 2087 1174 charitate
2132 1107 2411 1171 fratrum
2452 1106 2517 1169 et
2556 1105 2825 1172 Ecclesiae

710 1246 746 1285 »
774 1225 1236 1292 communione
1265 1223 1629 1306 priventur.
1659 1246 1689 1284 1>
1729 1224 1905 1304 (Dist.
1936 1230 2037 1302 18,
2068 1241 2126 1287 c.
2166 1220 2286 1303 13.)

787 1339 1484 1404 L'excommunication
1508 1339 1666 1404 dont
1693 1338 1741 1402 il
1785 1340 1882 1404 est
1924 1337 2102 1420 parle
2147 1338 2311 1403 dans
2352 1355 2458 1402 ces
2497 1336 2665 1400 deux
2698 1334 2825 1399 der·

710 1453 888 1517 niers
917 1472 1161 1518 canons
1187 1472 1271 1519 ne
1299 1454 1535 1535 privait
1577 1471 1688 1536 pas
1726 1445 2029 1536 l'Eveque
2054 1454 2170 1537 qui
2198 1472 2281 1517 en
2309 1452 2461 1516 etait
2500 1451 2729 1516 atteint
2763 1450 2827 1514 de

710 1571 772 1636 la
793 1569 1189 1635 celebration
1223 1569 1301 1633 de
1325 1572 1386 1634 13
1413 1588 1620 1635 1113553
1648 1571 1714 1634 31
1740 1570 1819 1634 (13
1848 1570 1911 1634 13
1943 1569 2267 1651 reception
2290 1570 2403 1634 des
2428 1568 2825 1644 sacrements,

710 1685 876 1750 mais
903 1686 1266 1750 seulement
1292 1685 1371 1751 de
1399 1685 1461 1749 la
1487 1685 1935 1768 participation
1955 1704 2083 1750 aux
2106 1686 2277 1750 actes
2298 1703 2424 1768 que
2447 1685 2542 1750 les
2563 1676 2827 1767 Eveques

708 1799 1006 1865 faisaient
1041 1818 1126 1865 311
1154 1818 1505 1880 commun3
1544 1801 1695 1866 c'est
1737 1803 1828 1865 du
1865 1802 2082 1868 moins
2115 1801 2175 1866 13
2205 1801 2559 1866 sentiment
2591 1800 2670 1864 de
2697 1800 2826 1881 plu-

711 1916 917 1981 sieurs
947 1916 1334 1982 canonistes.

802 2058 831 2091 (ι
859 2034 1155 2117 Quisquis
1199 2036 1419 2099 autem
1447 2034 1933 2116 Episcoporum,
1963 2036 2220 2115 excepta
2257 2032 2616 2098 inevitabili
2656 2047 2831 2096 causa

715 2172 744 2210 n
783 2152 887 2214 vel
935 2150 1308 2214 necessitate
1359 2149 1437 2215 de
1506 2150 1987 2232 peragendo·se
2050 2149 2327 2214 concilio
2393 2146 2832 2221 absentaverit,

715 2289 745 2326 1>
785 2267 981 2330 unius
1027 2267 1185 2330 anni
1247 2265 1912 2330 excommunicatione
1973 2264 2347 2348 plectendus
2400 2265 2517 2328 351.
2571 2262 2745 2340 Quod
2789 2259 2833 2323 si

717 2404 748 2442 1>
787 2381 1088 2463 deinceps
1147 2382 1388 2467 absque
1449 2381 1877 2446 celebratione
1923 2381 2178 2445 concilii
2225 2380 2381 2444 anni
2440 2379 2644 2442 unius
2686 2377 2834 2441 meta

716 2519 751 2558 >³
784 2497 1133 2577 transierit,
1160 2516 1388 2562 omnes
1431 2498 1501 2561 in
1547 2515 1897 2562 commune
1938 2496 2276 2561 Pontifices
2311 2469 2835 2577 Carthaginiensis

720 2632 752 2670 1>
786 2612 1135 2692 provinciae
1154 2614 1503 2694 superioris
1526 2631 1820 2677 censurae
1844 2612 2163 2676 sententia
2184 2611 2493 2674 obnoxios
2518 2608 2831 2674 retInebit:

723 2748 754 2785 1)
793 2727 858 2791 id
886 2728 984 2791 est
1019 2728 1072 2791 si
1117 2729 1299 2792 1111113
1343 2730 1465 2792 sibi
1511 2728 1906 2810 impediente
1951 2727 2259 2808 principis
2303 2727 2639 2808 potestate,
2666 2725 2834 2789 solius

726 2865 758 2903 »
793 2844 1066 2927 propriae
1112 2844 1463 2909 voluntatis
1504 2845 1697 2910 libitu
1752 2863 1819 2909 se
1865 2844 1944 2910 ad
1998 2843 2462 2910 celebrandum
2507 2842 2835 2907 concilium

726 2980 758 3018 2>
793 2976 926 3025 non
949 2960 1346 3043 collegerint.
1377 2983 1408 3022 n
1440 2961 1725 3042 (concile
1748 2970 1810 3023 ι’
1835 2961 1913 3025 (13
1937 2960 2195 3039 Το13(13,
2218 2960 2323 3024 311.
2354 2960 2494 3039 15.)

818 3100 848 3137 «
875 3080 957 3142 Ut
983 3077 1035 3142 si
1057 3077 1331 3161 quilibet
1351 3078 1698 3162 Episcopus
1722 3077 1802 3143 ad
1824 3077 2147 3159 synodum
2164 3077 2426 3139 vocatus
2451 3087 2839 3157 quacumque

724 3211 756 3253 »
792 3193 1122 3258 occasione
1143 3194 1365 3258 venire
1387 3193 1733 3271 distulerit,
1758 3193 1884 3257 nisi
1908 3191 2172 3260 evidens
2199 3188 2681 3271 impossibilitas
2706 3203 2838 3268 prae·

727 3330 758 3367 2>
795 3307 1088 3388 pedierit,
1114 3311 1289 3374 salva
1314 3327 1592 3375 censura
1621 3327 1699 3373 ex
1726 3309 1848 3372 hoc
1876 3310 2142 3372 Patrum
2178 3305 2557 3369 auctoritate
2585 3303 2838 3376 decreta,

726 3445 759 3482 n
799 3425 999 3488 cesset
1039 3425 1119 3488 ab
1159 3425 1368 3491 officio
1394 3425 1601 3489 donec
1640 3424 1982 3489 satisfaciat
2024 3421 2357 3486 fratribus.
2397 3442 2428 3479 »
2478 3418 2748 3498 (Concile
2778 3414 2838 3477 (13

729 3540 957 3602 Meaux
979 3537 1059 3602 de
1085 3545 1227 3618 845,
1251 3539 1441 3622 chap.
1473 3541 1598 3621 33.)

823 3675 855 3714 ε(
894 3653 1247 3719 Statuimus
1289 3655 1363 3718 ut
1398 3656 1480 3718 ab
1508 3655 1631 3718 hac
1660 3653 1822 3718 hora
1862 3654 1932 3717 in
1975 3655 2166 3717 antea
2205 3669 2436 3717 omnes
2463 3646 2746 3732 Episcopi
2774 3639 2838 3706 ad

734 3790 764 3828 v>
802 3769 1198 3853 provinciale
1226 3770 1578 3835 concilium
1610 3769 1877 3834 veniant
1902 3771 2092 3850 prout
2119 3767 2332 3846 decet,
2365 3766 2491 3830 nisi
2522 3782 2712 3831 causa
2743 3776 2838 3823 ne·

735 3907 766 3946 »
803 3886 1077 3951 cessaria
1103 3886 1167 3951 et
1194 3885 1652 3967 urgentissima
1670 3887 2079 3949 excusentur.
2104 3886 2183 3949 Et
2204 3882 2603 3966 quicumque
2626 3877 2842 3960 Episco-

739 4022 770 4061 υ
804 4020 924 4085 pus
969 4004 1191 4065 contra
1238 4000 1411 4066 hanc
1451 4000 1981 4065 constitutionem
2031 3998 2286 4063 duxerit
2331 3995 2737 4067 faciendum,
2774 3986 2840 4050 ab

735 4139 765 4174 >2
803 4115 1295 4200 Archiepiscopo
1317 4117 1581 4180 vocatus
1598 4115 1925 4180 civitatem
1944 4113 2132 4179 adeat
2148 4118 2607 4188 Terraconem,
2628 4103 2843 4172 ibidem

735 4252 766 4288 υ
803 4229 1056 4295 tamdiu
1103 4232 1477 4296 moraturus
1516 4230 1810 4312 quandiu
1869 4230 1952 4293 ab
1997 4226 2493 4308 Archiepiscopo
2533 4210 2844 4289 recedendi

736 4366 767 4407 1>
803 4345 1135 4411 licentiam
1184 4346 1540 4411 obtinuerit
1584 4345 1948 4427 specialem.
1992 4366 2024 4404 1)
2060 4342 2345 4424 (concile
2384 4341 2466 4406 de
2505 4343 2846 4416 Tarragone

738 4459 819 4525 de
849 4467 1028 4538 1329,
1053 4460 1242 4545 chap.
1271 4468 1370 4525 15.
1397 4493 1478 4508 ——-
1501 4460 1718 4541 coleti,
1742 4460 1791 4524 t.
1822 4463 1955 4539 XV,
1977 4477 2044 4541 p.
2071 4460 2242 4537 554.)
