<?xml version="1.0" encoding="UTF-8"?>
<!DOCTYPE html PUBLIC "-//W3C//DTD XHTML 1.0 Transitional//EN"
    "http://www.w3.org/TR/xhtml1/DTD/xhtml1-transitional.dtd">
<html xmlns="http://www.w3.org/1999/xhtml" xml:lang="en" lang="en">
 <head>
  <title>
</title>
<meta http-equiv="Content-Type" content="text/html;charset=utf-8" />
  <meta name='ocr-system' content='tesseract 3.04.00' />
  <meta name='ocr-capabilities' content='ocr_page ocr_carea ocr_par ocr_line ocrx_word'/>
</head>
<body>
  <div class='ocr_page' id='page_1' title='image "./tractatusdeconc00bouigoog_0451.png"; bbox 0 0 3038 5623; ppageno 0'>
   <div class='ocr_carea' id='block_1_1' title="bbox 722 802 2504 889">
    <p class='ocr_par' dir='ltr' id='par_1_1' title="bbox 722 802 2504 889">
     <span class='ocr_line' id='line_1_1' title="bbox 722 802 2504 889; baseline 0.004 -23"><span class='ocrx_word' id='word_1_1' title='bbox 722 805 1165 870; x_wconf 65' lang='lat' dir='ltr'><strong>opnnA‘rons</strong></span> <span class='ocrx_word' id='word_1_2' title='bbox 1213 822 1313 870; x_wconf 80' lang='lat' dir='ltr'><strong>nu</strong></span> <span class='ocrx_word' id='word_1_3' title='bbox 1361 822 1662 871; x_wconf 68' lang='lat' dir='ltr'><strong>conclu:</strong></span> <span class='ocrx_word' id='word_1_4' title='bbox 1707 822 1895 870; x_wconf 76' lang='lat' dir='ltr'><strong>Pnov</strong></span> <span class='ocrx_word' id='word_1_5' title='bbox 1933 852 1952 889; x_wconf 84' lang='lat'>‚</span> <span class='ocrx_word' id='word_1_6' title='bbox 2011 823 2164 870; x_wconf 71' lang='lat' dir='ltr'><strong>n‘rc.</strong></span> <span class='ocrx_word' id='word_1_7' title='bbox 2374 802 2504 873; x_wconf 81' lang='lat'><strong>431</strong></span> 
     </span>
    </p>
   </div>
   <div class='ocr_carea' id='block_1_2' title="bbox 372 963 2516 2315">
    <p class='ocr_par' dir='ltr' id='par_1_2' title="bbox 373 963 2516 1395">
     <span class='ocr_line' id='line_1_2' title="bbox 378 963 2516 1048; baseline 0.001 -20"><span class='ocrx_word' id='word_1_8' title='bbox 378 965 560 1045; x_wconf 86' lang='lat' dir='ltr'><strong>porta</strong></span> <span class='ocrx_word' id='word_1_9' title='bbox 589 963 754 1028; x_wconf 91' lang='lat' dir='ltr'><strong>ainsi</strong></span> <span class='ocrx_word' id='word_1_10' title='bbox 788 983 859 1029; x_wconf 90' lang='lat' dir='ltr'><strong>ce</strong></span> <span class='ocrx_word' id='word_1_11' title='bbox 892 964 1149 1030; x_wconf 77' lang='lat' dir='ltr'><strong>decret:</strong></span> <span class='ocrx_word' id='word_1_12' title='bbox 1190 970 1511 1048; x_wconf 88' lang='lat' dir='ltr'><strong>«Insuper</strong></span> <span class='ocrx_word' id='word_1_13' title='bbox 1543 966 1683 1047; x_wconf 86' lang='lat' dir='ltr'><strong>ipsa</strong></span> <span class='ocrx_word' id='word_1_14' title='bbox 1720 964 2004 1048; x_wconf 72' lang='lat' dir='ltr'><strong>synodus</strong></span> <span class='ocrx_word' id='word_1_15' title='bbox 2041 963 2267 1028; x_wconf 81' lang='lat' dir='ltr'><strong>statuit</strong></span> <span class='ocrx_word' id='word_1_16' title='bbox 2301 983 2375 1029; x_wconf 91' lang='lat' dir='ltr'><strong>ac</strong></span> <span class='ocrx_word' id='word_1_17' title='bbox 2408 966 2516 1031; x_wconf 90' lang='lat' dir='ltr'><strong>de-</strong></span> 
     </span>
     <span class='ocr_line' id='line_1_3' title="bbox 374 1079 2514 1163; baseline 0.004 -25"><span class='ocrx_word' id='word_1_18' title='bbox 374 1101 407 1138; x_wconf 80' lang='lat'>»</span> <span class='ocrx_word' id='word_1_19' title='bbox 436 1079 640 1144; x_wconf 83' lang='lat' dir='ltr'><strong>crevit</strong></span> <span class='ocrx_word' id='word_1_20' title='bbox 674 1080 846 1163; x_wconf 88' lang='lat' dir='ltr'><strong>quod</strong></span> <span class='ocrx_word' id='word_1_21' title='bbox 885 1080 937 1144; x_wconf 97' lang='lat' dir='ltr'><strong>si</strong></span> <span class='ocrx_word' id='word_1_22' title='bbox 973 1081 1136 1144; x_wconf 83' lang='lat' dir='ltr'><strong>forte</strong></span> <span class='ocrx_word' id='word_1_23' title='bbox 1171 1080 1513 1163; x_wconf 83' lang='lat' dir='ltr'><strong>contigerit</strong></span> <span class='ocrx_word' id='word_1_24' title='bbox 1551 1081 1804 1163; x_wconf 86' lang='lat' dir='ltr'><strong>aliquos</strong></span> <span class='ocrx_word' id='word_1_25' title='bbox 1842 1079 2056 1145; x_wconf 85' lang='lat' dir='ltr'><strong>debito</strong></span> <span class='ocrx_word' id='word_1_26' title='bbox 2092 1080 2164 1143; x_wconf 90' lang='lat' dir='ltr'><strong>in</strong></span> <span class='ocrx_word' id='word_1_27' title='bbox 2198 1082 2336 1145; x_wconf 93' lang='lat' dir='ltr'><strong>loco</strong></span> <span class='ocrx_word' id='word_1_28' title='bbox 2377 1101 2514 1146; x_wconf 90' lang='lat' dir='ltr'><strong>non</strong></span> 
     </span>
     <span class='ocr_line' id='line_1_4' title="bbox 374 1194 2512 1279; baseline 0.004 -26"><span class='ocrx_word' id='word_1_29' title='bbox 374 1216 407 1253; x_wconf 73' lang='grc' dir='ltr'><strong>ι)</strong></span> <span class='ocrx_word' id='word_1_30' title='bbox 438 1194 758 1259; x_wconf 87' lang='lat' dir='ltr'><strong>sedere....</strong></span> <span class='ocrx_word' id='word_1_31' title='bbox 798 1195 965 1258; x_wconf 89' lang='lat' dir='ltr'><strong>nulli</strong></span> <span class='ocrx_word' id='word_1_32' title='bbox 982 1197 1316 1277; x_wconf 83' lang='lat' dir='ltr'><strong>propterea</strong></span> <span class='ocrx_word' id='word_1_33' title='bbox 1347 1196 1799 1277; x_wconf 69' lang='lat' dir='ltr'><strong>praejudicium</strong></span> <span class='ocrx_word' id='word_1_34' title='bbox 1819 1197 2188 1277; x_wconf 78' lang='lat' dir='ltr'><strong>generetur,</strong></span> <span class='ocrx_word' id='word_1_35' title='bbox 2216 1195 2512 1279; x_wconf 88' lang='lat' dir='ltr'><strong>nullique</strong></span> 
     </span>
     <span class='ocr_line' id='line_1_5' title="bbox 373 1311 1301 1395; baseline 0.001 -25"><span class='ocrx_word' id='word_1_36' title='bbox 373 1334 404 1368; x_wconf 86' lang='lat'>»</span> <span class='ocrx_word' id='word_1_37' title='bbox 439 1329 685 1375; x_wconf 83' lang='lat' dir='ltr'><strong>novum</strong></span> <span class='ocrx_word' id='word_1_38' title='bbox 708 1313 820 1391; x_wconf 83' lang='lat' dir='ltr'><strong>jns</strong></span> <span class='ocrx_word' id='word_1_39' title='bbox 848 1311 1247 1395; x_wconf 82' lang='lat' dir='ltr'><strong>acquiratur.</strong></span> <span class='ocrx_word' id='word_1_40' title='bbox 1270 1334 1301 1371; x_wconf 73' lang='lat' dir='ltr'><strong>n</strong></span> 
     </span>
    </p>

    <p class='ocr_par' dir='ltr' id='par_1_3' title="bbox 372 1426 2515 1971">
     <span class='ocr_line' id='line_1_6' title="bbox 456 1426 2511 1509; baseline 0 -19"><span class='ocrx_word' id='word_1_41' title='bbox 456 1430 538 1490; x_wconf 89' lang='lat' dir='ltr'><strong>Le</strong></span> <span class='ocrx_word' id='word_1_42' title='bbox 570 1427 861 1490; x_wconf 88' lang='lat' dir='ltr'><strong>cardinal</strong></span> <span class='ocrx_word' id='word_1_43' title='bbox 890 1428 1075 1491; x_wconf 89' lang='lat' dir='ltr'><strong>Petra</strong></span> <span class='ocrx_word' id='word_1_44' title='bbox 1099 1427 1363 1493; x_wconf 85' lang='lat' dir='ltr'><strong>exhorte</strong></span> <span class='ocrx_word' id='word_1_45' title='bbox 1394 1427 1433 1491; x_wconf 77' lang='lat' dir='ltr'><strong>a</strong></span> <span class='ocrx_word' id='word_1_46' title='bbox 1460 1426 1680 1491; x_wconf 83' lang='lat' dir='ltr'><strong>suivre</strong></span> <span class='ocrx_word' id='word_1_47' title='bbox 1708 1428 1808 1491; x_wconf 92' lang='lat' dir='ltr'><strong>cet</strong></span> <span class='ocrx_word' id='word_1_48' title='bbox 1834 1427 2161 1509; x_wconf 77' lang='lat' dir='ltr'><strong>exemplet</strong></span> <span class='ocrx_word' id='word_1_49' title='bbox 2203 1427 2344 1491; x_wconf 74' lang='lat' dir='ltr'><strong>«Ad</strong></span> <span class='ocrx_word' id='word_1_50' title='bbox 2375 1426 2511 1492; x_wconf 88' lang='lat' dir='ltr'><strong>evi-</strong></span> 
     </span>
     <span class='ocr_line' id='line_1_7' title="bbox 374 1542 2515 1624; baseline 0.001 -21"><span class='ocrx_word' id='word_1_51' title='bbox 374 1564 406 1602; x_wconf 78' lang='lat'>»</span> <span class='ocrx_word' id='word_1_52' title='bbox 438 1542 636 1606; x_wconf 89' lang='lat' dir='ltr'><strong>tanda</strong></span> <span class='ocrx_word' id='word_1_53' title='bbox 678 1542 1081 1624; x_wconf 53' lang='lat' dir='ltr'><strong>praeiudicia,</strong></span> <span class='ocrx_word' id='word_1_54' title='bbox 1128 1543 1209 1606; x_wconf 87' lang='lat' dir='ltr'><strong>ad</strong></span> <span class='ocrx_word' id='word_1_55' title='bbox 1254 1543 1628 1623; x_wconf 85' lang='lat' dir='ltr'><strong>exemplum</strong></span> <span class='ocrx_word' id='word_1_56' title='bbox 1677 1542 1932 1606; x_wconf 90' lang='lat' dir='ltr'><strong>concilii</strong></span> <span class='ocrx_word' id='word_1_57' title='bbox 1974 1542 2368 1621; x_wconf 84' lang='lat' dir='ltr'><strong>Tridentini,</strong></span> <span class='ocrx_word' id='word_1_58' title='bbox 2416 1543 2515 1606; x_wconf 92' lang='lat' dir='ltr'><strong>in-</strong></span> 
     </span>
     <span class='ocr_line' id='line_1_8' title="bbox 373 1657 2508 1740; baseline 0.003 -23"><span class='ocrx_word' id='word_1_59' title='bbox 373 1678 409 1717; x_wconf 82' lang='lat'>»</span> <span class='ocrx_word' id='word_1_60' title='bbox 436 1657 912 1738; x_wconf 89' lang='lat' dir='ltr'><strong>terponendum</strong></span> <span class='ocrx_word' id='word_1_61' title='bbox 950 1660 1045 1722; x_wconf 91' lang='lat' dir='ltr'><strong>est</strong></span> <span class='ocrx_word' id='word_1_62' title='bbox 1075 1658 1406 1723; x_wconf 91' lang='lat' dir='ltr'><strong>decretum</strong></span> <span class='ocrx_word' id='word_1_63' title='bbox 1442 1657 1514 1722; x_wconf 90' lang='lat' dir='ltr'><strong>in</strong></span> <span class='ocrx_word' id='word_1_64' title='bbox 1555 1658 1808 1724; x_wconf 88' lang='lat' dir='ltr'><strong>concilii</strong></span> <span class='ocrx_word' id='word_1_65' title='bbox 1845 1658 2255 1740; x_wconf 82' lang='lat' dir='ltr'><strong>provincialis</strong></span> <span class='ocrx_word' id='word_1_66' title='bbox 2298 1658 2508 1735; x_wconf 90' lang='lat' dir='ltr'><strong>initio,</strong></span> 
     </span>
     <span class='ocr_line' id='line_1_9' title="bbox 372 1773 2506 1856; baseline 0.002 -23"><span class='ocrx_word' id='word_1_67' title='bbox 372 1794 404 1831; x_wconf 72' lang='lat' dir='ltr'><strong>n</strong></span> <span class='ocrx_word' id='word_1_68' title='bbox 438 1773 702 1837; x_wconf 89' lang='lat' dir='ltr'><strong>nullum</strong></span> <span class='ocrx_word' id='word_1_69' title='bbox 741 1773 809 1837; x_wconf 90' lang='lat' dir='ltr'><strong>in</strong></span> <span class='ocrx_word' id='word_1_70' title='bbox 841 1773 1134 1855; x_wconf 83' lang='lat' dir='ltr'><strong>petitorio</strong></span> <span class='ocrx_word' id='word_1_71' title='bbox 1166 1775 1272 1838; x_wconf 86' lang='lat' dir='ltr'><strong>vel</strong></span> <span class='ocrx_word' id='word_1_72' title='bbox 1307 1773 1689 1856; x_wconf 87' lang='lat' dir='ltr'><strong>possessorio</strong></span> <span class='ocrx_word' id='word_1_73' title='bbox 1718 1774 1986 1839; x_wconf 87' lang='lat' dir='ltr'><strong>cuilibet</strong></span> <span class='ocrx_word' id='word_1_74' title='bbox 2012 1774 2239 1839; x_wconf 75' lang='lat' dir='ltr'><strong>Inferri</strong></span> <span class='ocrx_word' id='word_1_75' title='bbox 2269 1776 2506 1856; x_wconf 77' lang='lat' dir='ltr'><strong>praeJu-</strong></span> 
     </span>
     <span class='ocr_line' id='line_1_10' title="bbox 373 1887 2131 1971; baseline 0.004 -25"><span class='ocrx_word' id='word_1_76' title='bbox 373 1909 405 1946; x_wconf 71' lang='grc' dir='ltr'><strong>ι»</strong></span> <span class='ocrx_word' id='word_1_77' title='bbox 436 1887 681 1953; x_wconf 86' lang='lat' dir='ltr'><strong>dicium</strong></span> <span class='ocrx_word' id='word_1_78' title='bbox 714 1890 784 1953; x_wconf 89' lang='lat' dir='ltr'><strong>in</strong></span> <span class='ocrx_word' id='word_1_79' title='bbox 813 1890 1041 1955; x_wconf 91' lang='lat' dir='ltr'><strong>ordine</strong></span> <span class='ocrx_word' id='word_1_80' title='bbox 1074 1890 1363 1955; x_wconf 90' lang='lat' dir='ltr'><strong>sedendi.</strong></span> <span class='ocrx_word' id='word_1_81' title='bbox 1382 1913 1413 1950; x_wconf 73' lang='lat' dir='ltr'><strong>n</strong></span> <span class='ocrx_word' id='word_1_82' title='bbox 1448 1891 1687 1970; x_wconf 89' lang='lat' dir='ltr'><strong>(Petra,</strong></span> <span class='ocrx_word' id='word_1_83' title='bbox 1717 1892 1763 1954; x_wconf 90' lang='lat' dir='ltr'><strong>t.</strong></span> <span class='ocrx_word' id='word_1_84' title='bbox 1792 1894 1844 1969; x_wconf 87' lang='grc' dir='ltr'><strong>Ι,</strong></span> <span class='ocrx_word' id='word_1_85' title='bbox 1874 1909 1937 1971; x_wconf 86' lang='lat' dir='ltr'><strong>p.</strong></span> <span class='ocrx_word' id='word_1_86' title='bbox 1967 1893 2131 1969; x_wconf 80' lang='lat'><strong>269.)</strong></span> 
     </span>
    </p>

    <p class='ocr_par' dir='ltr' id='par_1_4' title="bbox 372 2005 2512 2315">
     <span class='ocr_line' id='line_1_11' title="bbox 455 2005 2512 2089; baseline 0 -20"><span class='ocrx_word' id='word_1_87' title='bbox 455 2006 616 2070; x_wconf 87' lang='lat' dir='ltr'><strong>C&#39;est</strong></span> <span class='ocrx_word' id='word_1_88' title='bbox 642 2023 726 2071; x_wconf 91' lang='lat' dir='ltr'><strong>en</strong></span> <span class='ocrx_word' id='word_1_89' title='bbox 755 2005 904 2071; x_wconf 81' lang='lat' dir='ltr'><strong>effet</strong></span> <span class='ocrx_word' id='word_1_90' title='bbox 930 2023 1002 2071; x_wconf 87' lang='lat' dir='ltr'><strong>ce</strong></span> <span class='ocrx_word' id='word_1_91' title='bbox 1024 2007 1253 2089; x_wconf 90' lang='lat' dir='ltr'><strong>qu&#39;ont</strong></span> <span class='ocrx_word' id='word_1_92' title='bbox 1277 2005 1571 2089; x_wconf 80' lang='lat' dir='ltr'><strong>pratique</strong></span> <span class='ocrx_word' id='word_1_93' title='bbox 1598 2025 1694 2070; x_wconf 91' lang='lat' dir='ltr'><strong>un</strong></span> <span class='ocrx_word' id='word_1_94' title='bbox 1717 2005 1927 2089; x_wconf 83' lang='lat' dir='ltr'><strong>grand</strong></span> <span class='ocrx_word' id='word_1_95' title='bbox 1952 2006 2224 2070; x_wconf 89' lang='lat' dir='ltr'><strong>nombre</strong></span> <span class='ocrx_word' id='word_1_96' title='bbox 2253 2005 2332 2071; x_wconf 92' lang='lat' dir='ltr'><strong>de</strong></span> <span class='ocrx_word' id='word_1_97' title='bbox 2361 2022 2512 2070; x_wconf 75' lang='lat' dir='ltr'><strong>con-</strong></span> 
     </span>
     <span class='ocr_line' id='line_1_12' title="bbox 372 2119 2509 2205; baseline 0 -20"><span class='ocrx_word' id='word_1_98' title='bbox 372 2119 526 2186; x_wconf 83' lang='lat' dir='ltr'><strong>ciles</strong></span> <span class='ocrx_word' id='word_1_99' title='bbox 567 2121 1021 2202; x_wconf 75' lang='lat' dir='ltr'><strong>provinciaux,</strong></span> <span class='ocrx_word' id='word_1_100' title='bbox 1059 2122 1273 2203; x_wconf 85' lang='lat' dir='ltr'><strong>parmi</strong></span> <span class='ocrx_word' id='word_1_101' title='bbox 1308 2122 1587 2205; x_wconf 86' lang='lat' dir='ltr'><strong>lesquels</strong></span> <span class='ocrx_word' id='word_1_102' title='bbox 1634 2140 1798 2186; x_wconf 90' lang='lat' dir='ltr'><strong>nous</strong></span> <span class='ocrx_word' id='word_1_103' title='bbox 1841 2137 2011 2185; x_wconf 86' lang='lat' dir='ltr'><strong>nous</strong></span> <span class='ocrx_word' id='word_1_104' title='bbox 2055 2122 2509 2186; x_wconf 84' lang='lat' dir='ltr'><strong>contenterons</strong></span> 
     </span>
     <span class='ocr_line' id='line_1_13' title="bbox 373 2235 2509 2315; baseline 0.001 -16"><span class='ocrx_word' id='word_1_105' title='bbox 373 2235 454 2300; x_wconf 93' lang='lat' dir='ltr'><strong>de</strong></span> <span class='ocrx_word' id='word_1_106' title='bbox 483 2238 638 2301; x_wconf 90' lang='lat' dir='ltr'><strong>citer</strong></span> <span class='ocrx_word' id='word_1_107' title='bbox 664 2255 827 2301; x_wconf 85' lang='lat' dir='ltr'><strong>ceux</strong></span> <span class='ocrx_word' id='word_1_108' title='bbox 852 2236 932 2301; x_wconf 92' lang='lat' dir='ltr'><strong>de</strong></span> <span class='ocrx_word' id='word_1_109' title='bbox 959 2237 1161 2304; x_wconf 88' lang='lat' dir='ltr'><strong>Milan</strong></span> <span class='ocrx_word' id='word_1_110' title='bbox 1189 2256 1337 2302; x_wconf 88' lang='lat' dir='ltr'><strong>sous</strong></span> <span class='ocrx_word' id='word_1_111' title='bbox 1365 2238 1538 2302; x_wconf 87' lang='lat' dir='ltr'><strong>saint</strong></span> <span class='ocrx_word' id='word_1_112' title='bbox 1559 2238 1820 2302; x_wconf 88' lang='lat' dir='ltr'><strong>Charles</strong></span> <span class='ocrx_word' id='word_1_113' title='bbox 1846 2236 2212 2315; x_wconf 82' lang='lat' dir='ltr'><strong>Borrotnee,</strong></span> <span class='ocrx_word' id='word_1_114' title='bbox 2241 2255 2402 2301; x_wconf 83' lang='lat' dir='ltr'><strong>ceux</strong></span> <span class='ocrx_word' id='word_1_115' title='bbox 2428 2236 2509 2301; x_wconf 91' lang='lat' dir='ltr'><strong>de</strong></span> 
     </span>
    </p>
   </div>
   <div class='ocr_carea' id='block_1_3' title="bbox 372 2359 2505 2541">
    <p class='ocr_par' dir='ltr' id='par_1_5' title="bbox 372 2359 2505 2541">
     <span class='ocr_line' id='line_1_14' title="bbox 372 2359 2505 2439; baseline -0.001 -15"><span class='ocrx_word' id='word_1_116' title='bbox 372 2359 588 2424; x_wconf 90' lang='lat' dir='ltr'><strong>Reims</strong></span> <span class='ocrx_word' id='word_1_117' title='bbox 620 2360 698 2424; x_wconf 92' lang='lat' dir='ltr'><strong>de</strong></span> <span class='ocrx_word' id='word_1_118' title='bbox 729 2367 886 2423; x_wconf 80' lang='grc'>1565</span> <span class='ocrx_word' id='word_1_119' title='bbox 925 2363 993 2426; x_wconf 92' lang='lat' dir='ltr'><strong>et</strong></span> <span class='ocrx_word' id='word_1_120' title='bbox 1022 2361 1101 2425; x_wconf 91' lang='lat' dir='ltr'><strong>de</strong></span> <span class='ocrx_word' id='word_1_121' title='bbox 1130 2368 1310 2438; x_wconf 82' lang='grc'>1583,</span> <span class='ocrx_word' id='word_1_122' title='bbox 1351 2361 1518 2425; x_wconf 92' lang='lat' dir='ltr'><strong>celui</strong></span> <span class='ocrx_word' id='word_1_123' title='bbox 1556 2360 1635 2425; x_wconf 88' lang='lat' dir='ltr'><strong>de</strong></span> <span class='ocrx_word' id='word_1_124' title='bbox 1672 2361 1968 2426; x_wconf 78' lang='lat' dir='ltr'><strong>cambrai</strong></span> <span class='ocrx_word' id='word_1_125' title='bbox 2004 2360 2085 2425; x_wconf 91' lang='lat' dir='ltr'><strong>de</strong></span> <span class='ocrx_word' id='word_1_126' title='bbox 2117 2368 2295 2439; x_wconf 81' lang='grc'>1565,</span> <span class='ocrx_word' id='word_1_127' title='bbox 2339 2360 2505 2424; x_wconf 93' lang='lat' dir='ltr'><strong>celui</strong></span> 
     </span>
     <span class='ocr_line' id='line_1_15' title="bbox 373 2473 1133 2541; baseline 0.005 -5"><span class='ocrx_word' id='word_1_128' title='bbox 373 2473 452 2539; x_wconf 95' lang='lat' dir='ltr'><strong>de</strong></span> <span class='ocrx_word' id='word_1_129' title='bbox 481 2475 810 2540; x_wconf 85' lang='lat' dir='ltr'><strong>Bordeaux</strong></span> <span class='ocrx_word' id='word_1_130' title='bbox 840 2477 918 2541; x_wconf 88' lang='lat' dir='ltr'><strong>de</strong></span> <span class='ocrx_word' id='word_1_131' title='bbox 954 2484 1133 2541; x_wconf 75' lang='lat'><strong>1624.</strong></span> 
     </span>
    </p>
   </div>
  </div>
 </body>
</html>
