3038 5623
580 802 722 870 240
1281 799 1669 863 mmmmm
1719 817 1997 862 PARTIE.

570 965 703 1027 l'an
740 970 856 1025 445
882 979 1007 1024 aux
1037 953 1326 1040 Eveques
1367 958 1445 1022 de
1485 960 1549 1022 la
1585 958 1887 1039 province
1925 957 2003 1020 de
2032 957 2302 1021 Vienne.
2336 957 2518 1021 Voici
2550 958 2724 1039 quel-

565 1096 729 1160 ques
766 1094 1059 1159 passages
1102 1074 1182 1138 de
1222 1093 1293 1138 ce
1336 1075 1749 1152 monument,
1796 1074 1910 1155 qui
1944 1091 2010 1136 se
2050 1075 2280 1136 trouve
2309 1071 2472 1136 dans
2508 1072 2573 1134 la
2601 1073 2726 1135 col-

564 1193 799 1256 lection
828 1191 906 1254 de
935 1189 1234 1255 Sirmond
1275 1190 1343 1267 (t.
1372 1192 1420 1264 1,
1468 1206 1628 1270 page
1674 1195 1781 1262 803
1815 1187 2014 1266 Paris,
2065 1190 2242 1265 1629)
2275 1206 2291 1248 ε

662 1331 692 1367 «
722 1307 968 1370 Divinae
996 1306 1248 1368 cultum
1278 1303 1614 1384 religionis
1659 1321 1856 1385 quem
1886 1303 1957 1365 in
2010 1320 2237 1365 omnes
2281 1303 2580 1383 gentes..
2613 1302 2723 1366 Dei

570 1443 605 1482 »
637 1422 843 1485 voluit
864 1421 1072 1502 gratia
1093 1436 1450 1496 coruscare,
1478 1418 1567 1480 ita
1594 1417 1906 1480 Dominus
1921 1418 2142 1480 noster
2153 1421 2339 1480 Jesus
2353 1415 2444 1480 Ch
2454 1416 2718 1481 ristuS...

570 1557 601 1593 »
634 1534 937 1612 instituit,
963 1536 1038 1597 ut
1065 1534 1304 1597 veritas
1321 1550 1468 1615 quae
1493 1533 1685 1595 antea
1711 1532 1872 1612 legis
1899 1533 1963 1594 et
1992 1531 2458 1612 prophetarum
2483 1549 2726 1611 praeco·

574 1673 609 1707 »
637 1649 748 1712 nio
775 1650 1253 1727 continebatur,
1284 1667 1398 1729 per
1438 1647 1849 1730 apostolicam
1880 1647 2108 1709 tubam
2150 1647 2224 1708 in
2254 1646 2531 1709 salutem
2579 1647 2725 1709 uni-

570 1788 601 1825 »
638 1765 958 1829 versitatis
995 1764 1269 1828 exiret...
1325 1762 1444 1828 Sed
1508 1763 1708 1844 hujus
1758 1762 2053 1825 muneris
2101 1764 2585 1826 sacramentum
2636 1763 2725 1826 ita

573 1901 608 1940 »
643 1880 961 1943 Dominus
987 1879 1068 1942 ad
1095 1879 1396 1942 omnium
1446 1878 1885 1958 apostolorum
1928 1877 2214 1939 officium
2254 1878 2576 1957 pertinere
2622 1895 2730 1940 vo-

574 2015 605 2053 »
641 1995 788 2071 luit,
850 1996 925 2057 ut
964 1993 1335 2057 beatissimo
1388 1995 1601 2071 Petr0,
1652 1993 2087 2073 apostolorum
2134 1991 2439 2054 omnium
2472 2009 2731 2055 summo

572 2132 604 2169 ι)
636 2109 1083 2191 principaliter
1116 2110 1455 2172 collocaret
1466 2134 1484 2186 3
1539 2109 1730 2188 atque
1773 2107 1854 2169 ab
1884 2106 2054 2186 ipso,
2090 2106 2274 2188 quasi
2308 2106 2595 2188 quodam
2621 2125 2733 2171 ca-

575 2249 604 2283 »
643 2224 798 2305 pite,
825 2225 996 2288 dona
1041 2243 1158 2287 sua
1180 2225 1374 2287 vellet
1409 2224 1479 2285 in
1505 2241 1740 2303 corpus
1783 2240 1978 2285 omne
2006 2239 2282 2285 manare
2299 2248 2315 2301 3
2344 2224 2421 2285 ut
2444 2224 2732 2287 exortem

574 2360 605 2397 »
641 2357 706 2402 se
731 2338 1027 2419 mysterii
1054 2338 1440 2416 intelligeret
1466 2355 1604 2400 esse
1643 2337 1848 2399 divini
1875 2336 1986 2418 qui
2013 2354 2209 2399 ausus
2237 2336 2462 2399 fuisset
2497 2355 2533 2398 a
2565 2337 2733 2401 Petri

581 2476 612 2512 »
654 2452 969 2516 soliditate
1000 2453 1410 2532 recedere...;
1462 2454 1539 2514 ut
1566 2452 1791 2515 aeterni
1832 2451 2167 2514 aedificatio
2194 2451 2418 2531 templi
2445 2451 2735 2514 mirabili

574 2589 609 2629 »
639 2585 914 2630 munere
945 2568 1168 2648 gratiae
1196 2567 1329 2642 Dei,
1359 2567 1428 2628 in
1459 2567 1629 2629 Petri
1661 2566 1973 2628 soliditate
2000 2566 2456 2629 consisteret...
2485 2571 2735 2630 Verum

574 2707 603 2740 ›>
637 2682 810 2744 hanc
835 2683 1036 2744 Petrae
1066 2681 1249 2743 istius
1278 2681 1781 2744 sacratissimam
1806 2681 2260 2745 firmitatem...
2307 2682 2508 2745 nimis
2534 2683 2737 2763 impia

577 2820 608 2857 »
646 2797 785 2860 vult
818 2795 1321 2876 praesumptione
1349 2795 1593 2860 violare
1619 2797 1913 2879 quisquis
1946 2799 2091 2878 ejus
2122 2798 2502 2879 potestatem
2532 2797 2735 2861 tentat

578 2937 609 2972 »
644 2912 1078 2992 infringere...
1104 2911 1451 2974 Nobiscum
1468 2912 1683 2993 itaque
1703 2914 1914 2976 vestra
1937 2914 2307 2977 fraternitas
2322 2912 2735 2994 recognoscat

574 3051 604 3087 »
642 3027 1053 3108 apostolicam
1085 3026 1338 3104 Sedem,
1369 3045 1485 3107 pro
1509 3027 1610 3089 sui
1636 3029 2023 3106 reverentia,
2057 3047 2095 3091 a
2116 3030 2341 3092 vestrae
2366 3029 2565 3091 etiam
2591 3046 2737 3109 pro—

575 3166 607 3202 »
648 3143 879 3206 vinciae
923 3142 1367 3206 Sacerdotibus
1410 3142 1782 3207 innumeris
1828 3144 2248 3208 relationibus
2289 3163 2425 3208 esse
2467 3144 2736 3207 consul-

575 3279 604 3316 »
641 3259 815 3337 tam3
844 3258 908 3319 et
935 3275 1050 3337 per
1078 3256 1510 3335 diversarum,
1535 3258 2090 3340 quemadmodum
2119 3261 2307 3322 vetus
2338 3257 2733 3321 consuetudo

576 3393 606 3430 »
643 3372 963 3451 poscebat,
985 3372 1481 3451 appellationem
1496 3391 1841 3436 causarum
1864 3376 1977 3437 aut
1998 3374 2341 3436 retractata
2367 3373 2482 3435 aut
2504 3373 2737 3436 confir-

576 3507 608 3543 »
646 3486 824 3548 mata
870 3485 1064 3547 fuisse
1109 3485 1432 3565 judicia...
1490 3487 1611 3550 Sed
1660 3489 1840 3551 hunc
1884 3488 2218 3551 tramitem
2265 3505 2522 3567 semper
2564 3488 2735 3551 inter

576 3624 607 3659 »
642 3602 922 3680 majores
951 3600 1207 3662 nostros
1237 3601 1299 3663 et
1318 3602 1484 3664 bene
1514 3603 1770 3664 tentum
1815 3605 1879 3666 et
1911 3603 2254 3666 salubriter
2280 3604 2731 3680 constitutum,

578 3737 608 3773 ι)
645 3715 965 3794 Hilarius,
1010 3715 1444 3778 Ecclesiarum
1502 3718 1745 3780 statum
1776 3721 1840 3781 et
1871 3718 2283 3783 concordiam
2325 3719 2733 3782 sacerdotum

580 3852 610 3889 ι)
647 3830 832 3894 novis
883 3829 1497 3910 praesumptionibus
1550 3833 1958 3910 turbaturuS,
2009 3834 2273 3897 excessit
2286 3853 2306 3914 3
2336 3835 2424 3896 ita
2454 3852 2590 3897 suae
2623 3852 2733 3897 vos

576 3968 608 4005 »
644 3946 908 4028 cupiens
950 3943 1221 4034 subdere
1251 3947 1577 4026 potestati,
1628 3949 1705 4009 ut
1747 3967 1812 4012 se
1845 3950 2031 4011 beato
2057 3951 2354 4030 Apostolo
2378 3951 2567 4013 Petro
2599 3969 2732 4014 non

578 4083 610 4118 »
650 4059 933 4138 patiatur
960 4078 1094 4123 esse
1126 4061 1487 4140 subjectum
1507 4088 1608 4142 3...
1636 4063 1840 4144 ipsius
1871 4083 2127 4147 quoque
2157 4064 2512 4130 beatissimi
2565 4065 2729 4129 Petri

580 4194 611 4231 »
650 4174 1079 4236 reverentiam
1116 4176 1327 4239 verbis
1375 4178 1929 4259 arrogantioribus
1975 4180 2381 4259 minuend03
2428 4180 2537 4244 cui
2576 4200 2730 4246 cum

579 4310 611 4347 »
648 4304 781 4367 prae
801 4288 1048 4351 caeteris
1077 4290 1364 4354 solvendi
1395 4294 1459 4355 et
1477 4293 1727 4373 ligandi
1761 4294 1997 4358 tradita
2027 4297 2120 4359 sit·
2138 4297 2433 4377 potestaS,
2457 4314 2730 4377 pascen-

578 4424 610 4461 »
649 4401 883 4465 darum
931 4401 1152 4466 tamen
1202 4406 1425 4469 ovium
1474 4408 1812 4489 specialius
1868 4428 2026 4474 cura
2082 4410 2390 4475 mandata
2432 4414 2550 4475 est.
2617 4410 2727 4477 Cui

579 4539 610 4577 »
639 4515 934 4601 quisquis
963 4517 1402 4601 principatum
1431 4524 1708 4588 aestimat
1735 4524 2217 4608 denegandum,
2262 4528 2438 4592 illius
2460 4528 2726 4610 quidem
