3038 5623
467 830 767 877 conclu:
803 830 1016 877 rnov,
1056 831 1195 878 PAR
1241 833 1569 880 narrem·
1601 832 1699 880 An
1736 815 2205 879 εμπ-5111611.
2315 811 2453 880 297

315 971 482 1037 saint
510 971 783 1053 Cyprien
812 971 1190 1037 demandait
1216 992 1300 1038 au
1324 978 1491 1056 Pape
1517 996 1534 1040 ε
1571 998 1603 1035 α
1624 974 1717 1039 Ad
1738 974 2131 1056 cyprianum
2152 972 2461 1054 scripsere

314 1086 499 1164 Galli,
529 1088 607 1150 ut
632 1087 767 1167 ipse
812 1088 984 1168 apud
1014 1094 1384 1155 Romanum
1424 1091 1776 1155 instantius
1806 1091 2027 1172 ageret
2051 1089 2132 1153 de
2160 1087 2463 1154 Martiani

315 1202 730 1282 depositione.
760 1223 794 1261 »
839 1202 995 1282 (cite
1023 1222 1141 1285 par
1167 1206 1358 1283 Wolf,
1394 1206 1467 1269 de
1494 1210 1674 1271 Rom.
1708 1206 1963 1287 appell„
1991 1223 2049 1269 c.
2091 1208 2176 1284 5.)

389 1315 576 1381 Saint
616 1317 891 1398 Cyprien
935 1318 1273 1384 admettait
1321 1321 1526 1397 donc,
1597 1338 1748 1385 sans
1796 1338 2053 1385 aucune
2099 1320 2329 1384 ombre
2377 1319 2460 1386 de

306 1431 516 1510 doute,
547 1450 680 1514 que
726 1433 787 1495 le
826 1438 989 1515 Pape
1012 1434 1185 1498 avait
1207 1436 1267 1500 le
1306 1436 1580 1516 pouvoir
1606 1435 1684 1500 de
1724 1435 1992 1517 deposer
2039 1437 2133 1500 les
2155 1427 2457 1518 Eveques

312 1564 425 1627 par
446 1548 509 1612 le
537 1547 656 1610 fait
688 1547 769 1611 de
809 1565 879 1612 sa
906 1548 1084 1614 seule
1111 1551 1442 1629 sentence,
1475 1570 1595 1631 par
1626 1569 1754 1616 une
1803 1551 2037 1632 simple
2064 1552 2276 1615 lettre.
2305 1550 2464 1615 Mais

312 1662 476 1726 celui
505 1662 625 1745 qui
678 1664 833 1743 peut
877 1663 1148 1745 deposer
1187 1667 1280 1730 les
1325 1658 1618 1748 Eveques
1665 1684 1750 1731 ne
1792 1666 2026 1748 peut-il
2056 1683 2195 1748 pas,
2254 1665 2291 1730 a
2321 1666 2469 1747 plus

313 1778 469 1841 forte
516 1778 761 1858 raison,
804 1778 1123 1844 reformer
1169 1781 1346 1846 leurs
1381 1784 1763 1865 ,ingements
1809 1784 1875 1846 et
1919 1782 2207 1847 recevoir
2253 1783 2314 1846 le
2359 1799 2465 1845 re-

312 1911 498 1958 oours
532 1894 618 1959 de
646 1913 807 1960 ceux
850 1896 965 1978 qui
994 1914 1077 1960 en
1133 1898 1502 1979 appellent?
1560 1898 1999 1962 Poursuivons
2039 1896 2308 1979 l’expose
2360 1896 2472 1961 des

314 2008 480 2073 faits.

387 2124 600 2205 Appel
644 2123 724 2189 de
748 2125 1025 2191 Basilide
1053 2128 1117 2191 et
1143 2126 1223 2191 de
1246 2127 1532 2205 Martial,
1576 2126 1853 2210 eveques
1898 2125 2280 2208 d’Espagne‚
2303 2143 2452 2190 vers

310 2237 437 2301 l'an
482 2245 631 2303 254.
656 2274 740 2286 —
767 2240 853 2305 Ils
897 2241 1158 2306 avaient
1208 2241 1310 2306 ete
1360 2241 1626 2323 deposes
1678 2260 1797 2323 par
1856 2259 1952 2305 un
1994 2240 2240 2305 concile
2280 2239 2361 2304 de
2404 2240 2469 2304 la

312 2354 623 2434 province
652 2355 733 2419 de
757 2355 1045 2439 Betique.
1079 2358 1163 2421 Ils
1186 2375 1270 2420 en
1295 2357 1670 2438 appelerent
1690 2374 1775 2420 au
1796 2374 1954 2438 pape
1980 2356 2151 2419 saint
2172 2347 2471 2434 Etienne‚

311 2469 422 2552 qui
450 2488 520 2535 se
545 2471 741 2535 laissa
773 2473 1059 2554 tromper
1104 2490 1224 2553 par
1243 2517 1248 2524 -
1269 2473 1446 2536 leurs
1491 2471 1780 2549 fraudes,
1825 2475 1890 2535 et
1931 2470 2043 2553 qui
2071 2470 2167 2534 les
2211 2468 2473 2533 retablit

312 2602 423 2648 sur
458 2585 645 2649 leurs
673 2585 899 2668 sieges.
934 2590 1051 2651 Les
1071 2578 1362 2669 Eveques
1384 2585 1742 2667 d’Espagne
1764 2603 1847 2650 en
1874 2584 2221 2649 ecrivirent
2243 2582 2281 2647 a
2302 2584 2474 2648 saint

313 2700 619 2782 Cyprien‚
670 2702 735 2765 et
757 2702 1019 2766 celui-ci
1066 2703 1211 2766 leur
1262 2701 1564 2783 repondit
1588 2719 1717 2784 que
1757 2701 1819 2764 la
1848 2704 2147 2765 sentence
2179 2699 2271 2763 du
2308 2703 2474 2780 Pape

321 2815 653 2897 ayantete
694 2816 943 2882 rendue
973 2835 1090 2881 sur
1124 2816 1238 2882 des
1260 2818 1557 2898 rapports
1605 2816 2133 2881 manifestement
2173 2816 2348 2896 faux,
2378 2833 2476 2881 se·

311 2930 421 2994 lon
449 2932 671 2996 l’aveu
699 2932 893 3013 qu’en
919 2932 1095 2997 avait
1118 2932 1235 2996 fait
1268 2933 1447 2997 enfin
1480 2932 1759 2997 Basilide
1784 2932 2162 3012 lui-meme,
2207 2933 2328 2997 elle
2364 2932 2473 2997 de-

313 3046 445 3111 vait
470 3046 618 3111 etre
640 3047 1012 3112 consideree
1033 3067 1289 3113 comme
1327 3049 1654 3130 obreptice
1697 3050 1764 3113 et
1804 3060 1939 3113 non
1982 3066 2256 3115 avenne.
2297 3048 2475 3113 Voici

309 3178 405 3227 ses
425 3180 702 3244 propres
733 3164 1131 3245 expressions
1159 3183 1175 3228 :

390 3299 427 3337 α
454 3281 592 3342 Nec
618 3276 982 3343 rescindere
1016 3279 1234 3344 Sabini
1272 3279 1754 3345 ordinationem
1776 3280 1928 3360 jure
1971 3279 2319 3360 perfectam
2364 3295 2476 3359 po-

308 3411 339 3450 »
370 3392 521 3471 1651,
567 3392 745 3474 quod
770 3393 1097 3471 Basilides,
1126 3396 1269 3475 post
1288 3393 1571 3458 crimina
1600 3411 1722 3457 sua
1766 3393 2018 3458 detecta
2044 3395 2107 3458 et
2138 3393 2472 3458 conscien-

308 3527 340 3566 »
375 3507 543 3571 tiam
588 3508 790 3572 etiam
842 3510 1101 3591 propria
1158 3509 1556 3574 confessione
1596 3508 1911 3573 nudatam
1929 3556 1950 3586 ‚
2006 3512 2279 3573 Romam
2329 3526 2476 3589 per-

312 3645 337 3678 »
368 3640 558 3703 gens,
612 3623 1018 3704 Stephanum
1060 3624 1381 3706 collegam
1430 3626 1735 3688 nostrum
1780 3624 1975 3705 longe
2036 3624 2322 3705 positum
2339 3672 2360 3700 ,
2409 3624 2475 3688 et

305 3758 338 3796 ι)
368 3738 569 3819 gestae
606 3737 701 3801 rei
723 3756 799 3802 ac
825 3739 1032 3803 tacitae
1060 3739 1346 3804 veritatis
1373 3740 1685 3821 ignarum
1730 3739 1981 3816 fefellit,
2009 3739 2083 3800 ut
2117 3737 2474 3802 exambiret

306 3871 338 3910 u>
373 3870 442 3917 se
485 3853 736 3934 injuste
765 3854 994 3935 reponi
1020 3855 1089 3918 in
1120 3855 1560 3936 episcopatum
1602 3853 1683 3916 de
1724 3871 1855 3935 quo
1905 3852 2117 3916 fuerat
2151 3853 2326 3932 juste
2354 3851 2470 3916 de-

310 3988 341 4026 »
374 3968 652 4049 positus.
680 3972 828 4032 Haec
862 3987 939 4033 eo
994 3969 1341 4049 pertinent,
1397 3970 1490 4034 ut.
1528 3967 1821 4032 Basilidis
1878 3985 2011 4030 non
2047 3968 2185 4030 tam
2235 3965 2475 4029 abolita

306 4104 338 4143 ¹>
373 4083 509 4147 sint
540 4101 746 4166 quam
771 4085 1105 4151 cumulata
1142 4083 1373 4148 delicta
1402 4103 1417 4147 :
1445 4085 1523 4147 ut
1549 4083 1631 4147 ad
1673 4081 2007 4163 superiora
2039 4082 2179 4163 ejus
2215 4082 2472 4162 peccata

320 4220 353 4258 n
385 4199 598 4263 etiam
640 4198 891 4264 fallacia
920 4201 987 4264 et
1008 4198 1589 4263 circumventionis
1634 4197 1888 4262 crimen
1931 4196 2285 4262 accesserit.
2339 4201 2466 4262 Ne-

311 4336 342 4372 »
379 4332 514 4396 que
559 4313 745 4377 enim
794 4316 929 4378 tam
978 4314 1341 4396 culpandus
1392 4316 1490 4379 est
1519 4314 1628 4377 ille
1669 4312 1777 4377 cui
1805 4312 2212 4394 negligenter
2246 4314 2473 4393 obrep-

312 4449 345 4487 »
386 4429 540 4491 111111
572 4429 691 4507 651,
722 4446 921 4511 quam
965 4429 1074 4494 hic
1113 4430 1507 4495 execrandus
1547 4429 1662 4510 qui
1692 4428 2140 4494 fraudulenter
2161 4427 2464 4510 obrepsit.
