3038 5623
670 803 762 871 66
1385 798 1748 865 ramulanis
1798 817 2078 864 Panna.

666 964 851 1047 point
873 965 1189 1027 contester
1217 962 1482 1045 qu’elles
1527 960 1767 1023 n'aient
1813 978 1945 1024 une
1975 957 2376 1040 tres-grande
2405 956 2693 1035 autorite,
2719 958 2780 1020 et

664 1082 861 1164 qu'on
878 1099 959 1143 ne
982 1079 1168 1142 doive
1189 1078 1285 1141 les
1303 1079 1523 1140 suivre
1550 1093 1630 1139 en
1661 1077 1972 1157 pratique.
1999 1077 2575 1138 Contentons-nous
2593 1074 2670 1137 de
2689 1073 2775 1146 ‹zi-

598 1273 603 1278 .
663 1198 763 1259 ter
793 1198 880 1260 les
909 1194 1309 1275 theologiens
1337 1192 1414 1255 de
1444 1192 1875 1273 Salamanque
1909 1209 1926 1252 t
1965 1191 2045 1254 ils
2078 1193 2224 1254 sont
2249 1189 2328 1253 de
2359 1208 2516 1253 ceux
2545 1190 2656 1271 qui
2703 1207 2778 1252 ne

662 1313 969 1375 trouvent
993 1328 1103 1391 pas
1123 1311 1180 1372 la
1202 1310 1426 1372 valeur
1444 1306 1524 1370 de
1546 1306 1664 1370 lois
1684 1308 2102 1387 proprement
2123 1306 2285 1369 dites
2298 1305 2457 1368 dans
2476 1307 2566 1368 les
2588 1303 2781 1367 decla-

662 1427 907 1489 rations
926 1442 1008 1489 en
1035 1424 1332 1507 question
1361 1441 1376 1484 :
1412 1423 1797 1486 «Probabile
1816 1424 1929 1500 est,
1959 1421 2299 1499 disent-HS,
2328 1422 2485 1484 tales
2510 1419 2780 1483 declara-

662 1564 693 1601 »
726 1542 1008 1605 tiones...
1027 1558 1159 1603 non
1188 1539 1424 1602 habere
1451 1539 1589 1600 vim
1616 1538 1798 1620 legiS‚
1825 1555 1943 1601 nec
1968 1537 2167 1599 robur
2189 1535 2519 1617 obligandi
2538 1551 2781 1615 semper

656 1678 688 1716 ο
718 1660 783 1720 et
814 1659 1198 1736 perpetuo.»
1238 1654 1632 1718 Neanmoins
1669 1653 1830 1716 voici
1878 1654 2207 1716 comment
2260 1651 2339 1714 ils
2384 1649 2688 1731 exposent
2730 1649 2787 1711 la

657 1773 980 1855 question,
1005 1774 1164 1835 6166
1194 1772 1386 1853 qu'ils
1412 1773 1528 1833 ont
1552 1771 1691 1833 soin
1715 1769 1794 1833 de
1819 1771 2048 1833 mettre
2070 1786 2153 1831 en
2184 1767 2418 1844 5111616,
2452 1769 2517 1830 et
2545 1767 2624 1829 de
2652 1764 2790 1846 pre-

654 1889 870 1952 senter
890 1888 1084 1952 avant
1104 1889 1247 1949 tout
1261 1905 1343 1949 au
1358 1887 1600 1950 lecteur
1615 1904 1871 1949 comme
1894 1884 2347 1947 incontestable
2373 1886 2437 1947 et
2459 1883 2615 1946 hors
2639 1881 2785 1944 d'at-
2894 1898 2898 1902 ’

654 2004 890 2066 teinte:
924 2024 958 2060 «
984 2003 1161 2065 Circa
1186 2019 1388 2082 quam
1421 2001 1870 2081 gravissimam
1889 2000 2313 2081 quaestionem
2339 1998 2470 2061 duo
2500 1998 2791 2062 invenies-

653 2140 684 2177 »
718 2117 886 2198 apud
901 2118 1186 2180 doctores
1212 2117 1588 2180 indubitata.
1610 2116 1927 2191 Primum,
1941 2116 2102 2178 tales
2119 2114 2581 2178 declarationes
2594 2111 2787 2175 maxi-

658 2255 689 2291 »
723 2233 815 2295 mi
840 2232 1139 2313 ponderis
1164 2250 1324 2305 esse,
1351 2250 1791 2313 magnamque
1821 2232 2059 2294 habere
2084 2230 2541 2293 auctoritatem
2565 2231 2631 2292 et
2654 2246 2798 2309 gra·—

657 2369 692 2408 ))
719 2349 1010 2422 vitatem,
1050 2350 1124 2410 ut
1173 2350 1316 2428 pote
1366 2366 1404 2409 a
1436 2347 1833 2429 gravissimis
1883 2347 2065 2424 viriS‚
2116 2347 2492 2410 auctoritate
2550 2343 2793 2408 summi

656 2485 686 2522 »
726 2464 996 2527 Pastoris
1031 2464 1457 2545 congregatis,
1487 2481 1777 2544 expensae
1810 2482 1826 2525 τ
1862 2462 2258 2545 proindeque
2287 2461 2505 2526 adhuc
2552 2463 2626 2526 in
2657 2479 2800 2525 sen-

658 2601 688 2636 »
726 2580 924 2641 tentia
956 2579 1220 2641 illorum
1252 2578 1363 2659 qui
1393 2578 1624 2641 dicunt
1651 2595 1783 2641 non
1809 2578 2047 2642 habere
2070 2579 2207 2641 vim
2236 2578 2419 2659 legiS‚
2450 2578 2800 2642 deserendoe

654 2713 686 2750 1>
723 2712 851 2754 non
878 2702 1046 2769 sunt,
1082 2693 1207 2754 nisi
1240 2693 1621 2773 gravissima
1663 2695 1910 2757 ratione
1959 2697 2022 2757 et
2058 2713 2251 2757 causa
2287 2695 2790 2760 Interveniente.

652 2828 683 2867 ›>
714 2809 1106 2886 Secundum,
1134 2808 1301 2890 quod
1330 2809 1381 2872 si
1407 2810 1564 2873 tales
1583 2808 2042 2874 declarationes
2069 2813 2577 2892 promulgantur
2596 2830 2673 2877 ea
2701 2830 2802 2875 so-

652 2944 684 2983 »
723 2924 1057 2988 lemnitate
1087 2942 1215 3005 qua
1240 2925 1445 2988 solent
1484 2925 1658 3006 leges
1681 2927 2109 3007 promulgari,
2136 2946 2293 2989 cum
2321 2926 2386 2990 id
2418 2929 2541 2991 fiat
2585 2930 2803 2992 aueto-

651 3062 682 3099 »
722 3040 911 3103 ritate
943 3040 1187 3103 summi
1212 3041 1609 3105 Pontificis...
1638 3042 1858 3122 procul
1883 3041 2078 3105 dubio
2111 3042 2249 3105 vim
2274 3042 2433 3123 legis
2461 3045 2796 3124 perpetuae

648 3174 686 3215 1)
722 3155 1053 3218 habebunt
1083 3157 1285 3219 totam
1321 3156 1662 3219 Ecclesiam
1687 3157 2107 3238 obligantis.»
2143 3161 2262 3238 (De
2296 3159 2605 3239 LegibUS,
2651 3179 2708 3223 c.
2740 3165 2799 3235 3,

652 3273 974 3350 punctum
1011 3276 1088 3347 Il,
1122 3291 1187 3333 n.
1219 3273 1343 3349 28.)

735 3387 783 3448 Il
811 3387 905 3448 est
933 3387 1282 3466 important
1313 3386 1390 3449 de
1419 3406 1802 3469 remarquer
1839 3389 1902 3451 la
1944 3389 2151 3452 limite
2196 3390 2507 3473 indiquee
2563 3413 2686 3476 par
2713 3394 2805 3457 les

654 3499 951 3563 docteurs
979 3499 1054 3562 de
1085 3500 1515 3582 Salamanque
1548 3520 1565 3563 ε
1595 3503 1674 3564 ils
1701 3521 1767 3566 se
1795 3505 2204 3584 permettent‚
2255 3506 2292 3568 a
2343 3507 2405 3568 la
2435 3508 2685 3586 verite,
2729 3508 2805 3572 de

656 3616 902 3678 refuser
927 3616 959 3676 a
985 3633 1088 3678 ces
1109 3615 1424 3679 decisions
1452 3618 1510 3679 le
1538 3617 1857 3683 caractere
1886 3619 1965 3682 de
2011 3621 2131 3684 lois
2161 3621 2715 3707 ecclesiastiques,
2745 3625 2807 3689 et

652 3748 719 3795 se
742 3731 990 3795 croient
1015 3749 1098 3794 en
1120 3731 1333 3794 sfirete
1361 3750 1444 3794 en
1468 3735 1814 3797 soutenant
1831 3736 1974 3798 leur
2001 3736 2262 3815 opinion
2286 3755 2556 3803 comme
2579 3743 2812 3822 proba-

650 3824 777 3926 ble,
803 3865 990 3928 parce
1019 3865 1144 3929 que
1169 3848 1228 3910 le
1258 3848 1645 3930 Saint-Siege
1666 3850 1729 3911 la
1746 3849 1943 3913 tolere
1970 3870 1987 3912 :
2010 3855 2220 3915 «Cum
2240 3870 2371 3915 non
2390 3855 2604 3920 lateat
2622 3875 2805 3921 sum-

647 3983 681 4022 »
717 3981 906 4025 mum
931 3963 1305 4027 Pontificem
1332 3962 1470 4026 haec
1492 3963 1833 4028 doctorum
1861 3965 2116 4046 publica
2133 3968 2445 4048 opinatio,
2465 3973 2711 4036 videns
2731 3972 2797 4036 et

651 4097 680 4133 υ
709 4077 979 4155 patiens,
1035 4096 1180 4140 eam
1235 4078 1494 4141 videtur
1538 4079 1613 4140 ut
1659 4080 2055 4159 probabilem
2101 4084 2419 4147 sustinere
2480 4108 2515 4145 n
2577 4089 2795 4164 (ibid.,

646 4201 716 4251 n⁹
739 4196 872 4271 30);
920 4192 1083 4254 mais
1120 4193 1280 4273 qu'il
1325 4193 1499 4256 faille
1544 4194 1931 4258 neanmoins
1967 4198 2061 4278 s'y
2086 4199 2462 4263 conformer
2513 4202 2689 4268 dans
2744 4204 2807 4267 la

644 4306 934 4387 pratique
981 4305 1357 4387 habituelle,
1387 4308 1423 4371 a
1452 4310 1667 4372 moins
1718 4310 1795 4373 de
1830 4313 2112 4394 quelque
2151 4315 2369 4378 raison
2431 4319 2807 4383 extraordi-

645 4420 853 4498 naire,
883 4422 1036 4484 c'est
1072 4440 1144 4485 ce
1172 4423 1362 4504 qu⁹ils
1386 4424 1678 4489 donnent
1702 4444 1785 4489 en
1824 4426 2037 4491 meme
2085 4431 2296 4511 temps
2343 4449 2621 4500 comme
2665 4454 2805 4500 oer-
