3038 5623
606 757 1095 822 cnmmonut..
1777 753 1918 824 559

0 914 39 991 t,
82 913 459 978 ostendatur
492 914 560 978 in
601 931 791 996 opere
820 915 1107 996 justitia,
1139 934 1352 998 neque
1393 917 1696 998 appareat
1739 917 1925 981 dolus

0 1048 131 1111 gua,
161 1031 269 1094 sed
298 1049 375 1095 ex
410 1030 600 1094 corde
622 1030 860 1094 veritas
890 1032 1253 1112 proferatur
1269 1057 1288 1112 3
1326 1037 1446 1096 Per
1491 1033 1919 1098 Dominum...

3 1163 110 1208 en.

0 1300 13 1354 t
64 1293 192 1355 hoec
246 1291 546 1373 Pontifex
564 1339 587 1370 ,
639 1298 891 1372 accepta
937 1292 1154 1371 mitra,
1199 1294 1479 1358 ascendit
1528 1295 1615 1358 ad
1648 1295 1924 1376 planum

0 1428 32 1488 ε,
53 1419 110 1472 et
136 1407 298 1472 sedet
324 1409 393 1472 in
420 1407 556 1471 sede
584 1424 687 1472 seu
715 1406 1071 1488 faldistorio
1091 1407 1316 1471 ibidem
1337 1408 1454 1472 sibi
1473 1419 1728 1489 parato.
1765 1415 1924 1475 Tum

0 1532 6 1582 t
57 1524 353 1588 diaconus
394 1541 535 1586 cnm
585 1522 1029 1604 thuriferario,
1072 1531 1128 1587 et
1172 1525 1471 1606 Pontifex
1524 1525 1790 1605 imponit
1826 1526 1924 1588 in-

0 1659 57 1710 i,-
90 1639 306 1703 deinde
351 1638 614 1702 diacono
664 1636 997 1716 benedicit,
1039 1639 1150 1719 qui
1198 1639 1530 1718 procedens
1583 1640 1669 1702 ad
1719 1640 1922 1703 locum

0 1762 125 1817 tum
174 1754 418 1835 siqna't,
468 1754 741 1816 incensat
788 1760 843 1816 et
894 1761 1108 1847 cantat
1164 1756 1560 1834 evanqelium
1609 1763 1681 1818 ut
1731 1757 1916 1836 heri,

0 1872 70 1932 fce
92 1877 233 1933 ante
257 1869 458 1932 sedem
476 1867 852 1948 proedictam
878 1869 1012 1931 sinc
1037 1868 1236 1932 mitra
1263 1886 1445 1932 verso
1475 1868 1561 1932 ad
1586 1869 1918 1934 diaconum

0 2151 239 2234 [nentia
266 2150 469 2214 sancti
496 2151 824 2232 Evangelii
851 2154 890 2224 ἢ·
918 2151 1278 2215 secundum
1304 2156 1547 2216 Lucam
1571 2160 1646 2227 (c.
1677 2156 1798 2232 10).

0 2268 72 2330 llo
109 2268 398 2347 tempore
431 2285 448 2328 z
483 2265 856 2349 Designavit
883 2267 1196 2330 Dominus
1224 2268 1290 2330 et
1316 2267 1475 2331 alios
1514 2268 1923 2349 septuaginta

0 2383 55 2445 et
81 2381 260 2445 misit
287 2382 429 2445 illos
462 2381 647 2445 binos
675 2383 824 2445 ante
858 2381 1089 2445 faciem
1119 2399 1309 2445 suam
1346 2382 1416 2445 in
1446 2401 1717 2447 omnem
1758 2384 1918 2447 civi-

0 2498 59 2561 et
73 2498 289 2561 locum
312 2514 443 2579 quo
466 2497 745 2578 eratipse
773 2498 1113 2560 venturus.
1139 2497 1220 2560 Et
1236 2497 1486 2561 dicebat
1508 2499 1636 2563 illis
1662 2518 1678 2562 :
1703 2501 1920 2565 Messis

0 2632 38 2676 n
62 2613 294 2690 multa,
322 2612 599 2694 operarii
624 2613 845 2675 autem
875 2613 1084 2692 pauci.
1113 2614 1351 2692 Rogate
1381 2631 1538 2694 ergo
1565 2615 1920 2678 Dominum

5 2779 23 2805 ‚
58 2730 131 2791 ut
157 2729 374 2792 mittat
408 2728 729 2810 operarios
763 2727 834 2791 in
864 2744 1145 2791 messem
1184 2745 1394 2791 suam.
1429 2730 1516 2791 lte
1555 2747 1570 2790 ε
1614 2748 1757 2794 ecce
1799 2746 1920 2811 ego

0 2862 105 2907 vos
139 2842 303 2908 sicut
330 2862 529 2926 agnos
559 2844 731 2908 inter
762 2844 971 2925 lupos.
1016 2843 1222 2907 Nolite
1252 2846 1508 2924 portare
1552 2845 1915 2921 sacculum,

10 2977 259 3040 peram,
286 2977 496 3041 neque
519 2960 976 3036 calceamenta,
1005 2959 1071 3022 et
1100 2958 1434 3021 neminem
1464 2976 1582 3038 per
1603 2958 1779 3020 viam
1814 2975 1917 3021 sa-

0 3074 157 3136 ritis.
205 3079 276 3137 In
317 3091 800 3156 quamcumque
840 3073 1109 3135 domum
1153 3071 1580 3147 intraveritis,
1624 3072 1916 3152 primum

0 3207 8 3251 :
31 3194 158 3252 Pax
177 3188 332 3252 huic
354 3188 612 3266 domui3
633 3190 699 3252 et
720 3188 772 3251 si
798 3188 885 3250 ibi
915 3187 1109 3250 fuerit
1134 3186 1311 3249 filius
1337 3186 1537 3267 paciS,
1567 3186 1917 3268 requiescet

6 3304 198 3367 illum
242 3322 365 3385 pax
399 3304 614 3367 vestra
654 3322 671 3365 ε
714 3302 815 3366 sin
864 3302 1109 3393 autem,
1147 3300 1230 3365 ad
1260 3319 1374 3365 vos
1412 3302 1794 3365 revertetur.
1845 3305 1918 3365 ln

0 3472 5 3480 .
40 3420 261 3482 autem
292 3419 486 3483 domo
519 3419 809 3495 manete,
839 3416 1099 3481 edentes
1134 3418 1199 3479 et
1234 3417 1529 3480 bibentes
1564 3434 1710 3498 quae
1749 3416 1919 3496 apud

0 3534 122 3597 unt
160 3553 177 3596 ε
223 3534 462 3615 dignus
501 3535 600 3598 est
624 3534 804 3598 enim
833 3532 1168 3613 operarius
1204 3531 1496 3595 mercede
1536 3550 1676 3595 sua.
1715 3531 1919 3595 Nolite

0 3667 58 3712 re
85 3648 168 3713 de
208 3648 402 3711 domo
443 3649 515 3711 in
544 3648 837 3711 domum.
869 3649 948 3711 Et
973 3647 1041 3710 in
1071 3664 1557 3729 quamcumque
1589 3647 1917 3710 civitatem

0 3765 198 3842 eritis,
226 3766 292 3827 et
321 3764 720 3844 susceperint
745 3780 882 3841 voS,
914 3762 1298 3826 manducate
1322 3780 1469 3844 quae
1500 3763 1919 3842 apponuntur

0 3898 13 3941 :
45 3882 111 3943 et
145 3882 370 3944 curate
405 3879 725 3966 infirmos,
764 3879 880 3961 qui
922 3879 994 3941 in
1028 3878 1138 3942 illa
1178 3878 1360 3952 sunt,
1394 3878 1459 3940 et
1493 3875 1688 3940 dicite
1718 3875 1846 3940 illis
1892 3894 1910 3939 ε

0 3994 331 4078 pinquavit
356 3995 427 4059 in
456 4013 569 4059 vos
597 4012 881 4076 regnum
907 3993 1039 4057 Dei.

0 4168 9 4199 ι
45 4147 242 4227 finito,
274 4153 332 4209 et
360 4163 473 4225 per
503 4145 862 4226 Pontificem
897 4144 1054 4207 libro
1088 4143 1394 4218 osculaw,
1429 4148 1488 4203 et
1528 4140 1663 4220 ipso
1701 4140 1917 4204 incen-

0 4261 296 4342 Pontifeoe
342 4262 474 4325 sine
518 4261 711 4325 mitra
749 4268 892 4324 ante
937 4260 1137 4323 sedem
1166 4257 1542 4338 praedictam
1578 4274 1789 4319 versus
1835 4256 1923 4319 ad

0 4424 9 4450 ‚
34 4394 111 4440 ac
143 4377 286 4441 aliis
314 4376 596 4440 omnibus
623 4377 694 4439 in
728 4377 860 4440 suis
890 4376 1036 4439 Iocis
1065 4373 1432 4456 yenutleoeis,
1463 4371 1681 4451 incipit
1709 4371 1923 4434 schola

0 4499 187 4557 ’uente
215 4493 518 4574 hymnum
551 4511 568 4555 ε
