3038 5623
706 776 1144 838 opliRA‘rroNs
1207 791 1307 837 Du
1368 792 1668 839 CONCILE
1718 795 1961 862 mov„
2016 798 2167 844 E‘rc.
2374 779 2508 846 477

384 933 753 1012 ajouterons
792 933 959 997 celui
988 934 1144 997 d’un
1187 935 1399 1015 paien.
1442 935 1620 999 Voici
1647 939 1977 1000 comment
2012 939 2317 1003 Ammien
2345 945 2514 1006 Mar—

384 1049 551 1111 celin
581 1066 744 1124 nous
772 1051 1032 1112 raconte
1077 1050 1172 1113 les
1214 1049 1538 1114 instances
1580 1051 1692 1132 qui
1736 1052 1955 1115 furent
2000 1054 2182 1117 faites
2229 1074 2312 1119 au
2358 1075 2516 1139 pape

382 1162 633 1239 Libere,
667 1181 835 1243 pour
863 1182 989 1246 que
1024 1165 1087 1227 la
1119 1154 1417 1228 sentence
1461 1165 1764 1247 synodale
1793 1166 1871 1229 de
1899 1166 2257 1249 deposition
2296 1175 2515 1237 contre

386 1280 558 1343 saint
581 1280 903 1344 Athanase
932 1280 1034 1344 fut
1059 1281 1409 1344 confirmee
1448 1300 1465 1344 ε

473 1419 503 1454 (ι
526 1395 839 1474 LiberiuS,
869 1395 1234 1460 christianae
1274 1397 1438 1477 legis
1480 1398 1783 1476 Antistes,
1827 1416 1866 1461 a
1907 1402 2271 1490 Constantio
2300 1403 2379 1465 ad
2407 1421 2513 1467 co·
2589 1453 2593 1459 .

383 1533 415 1570 >³
452 1511 758 1575 mitatum
788 1512 955 1574 mitti
984 1513 1334 1592 praeceptus
1360 1513 1477 1592 est²
1517 1513 1828 1606 tanquam
1878 1514 2280 1595 imperatoris
2321 1520 2516 1599 jussis

384 1649 415 1686 >³
460 1627 523 1689 et
572 1627 1006 1706 plurimorum
1056 1628 1154 1690 sui
1194 1628 1596 1691 consortium
1636 1628 1906 1692 decretis
1951 1631 2287 1710 obsistenS‚
2334 1633 2403 1695 in
2447 1652 2516 1697 re

384 1762 419 1801 »
452 1758 651 1823 quam
679 1742 860 1805 brevi
906 1743 1084 1805 textu
1131 1760 1506 1823 percurram
1539 1762 1556 1805 ε
1587 1743 2013 1807 Athanasium
2042 1746 2410 1827 episcopum
2439 1766 2515 1811 eo

381 1878 417 1917 >³
449 1858 737 1937 tempore
780 1857 953 1937 apud
996 1858 1476 1937 Alexandriam,
1516 1859 1689 1921 ultra
1729 1859 2193 1946 professionem¹
2217 1862 2408 1925 altius
2451 1880 2515 1926 se

381 1994 412 2030 »
449 1973 849 2051 efferentem,
898 1973 1331 2056 sciscitarique
1382 1975 1689 2037 conatum
1726 1976 2008 2052 externa,
2065 1978 2137 2038 ut
2180 1977 2516 2057 prodidere

381 2112 411 2146 »
445 2106 738 2151 rumores
781 2088 1058 2165 adsidui,
1098 2091 1299 2153 coetus
1346 2090 1415 2152 in
1455 2109 1667 2153 unum
1712 2092 2016 2172 quaesitus
2057 2092 2348 2172 ejusdem
2393 2093 2517 2157 loci

382 2228 417 2262 >2
449 2206 811 2268 multorum
857 2204 1162 2286 (synodus
1203 2208 1278 2268 ut
1325 2206 1665 2286 appellant)
1707 2207 1986 2269 removit
2033 2225 2071 2269 a
2117 2209 2522 2271 sacramento

378 2344 409 2380 »
448 2320 620 2402 quod
639 2320 987 2384 obtinebat.
1012 2320 1352 2384 Dicebatur
1371 2321 1549 2383 enim
1567 2320 1978 2384 fatidicarum
1997 2322 2269 2385 sortium
2291 2322 2517 2401 fidem,

377 2459 409 2495 n
447 2454 666 2518 quaeve
695 2436 1035 2517 augurales
1065 2435 1527 2516 portenderent
1555 2437 1758 2513 aliteS,
1795 2437 2219 2501 scientissime
2248 2438 2515 2517 callens,

375 2574 406 2611 ι)
443 2551 778 2633 aliquoties
797 2550 1159 2632 praedixisse
1178 2551 1397 2613 futura
1422 2569 1438 2612 τ
1463 2568 1657 2631 super
1681 2550 1778 2614 his
1796 2552 2300 2616 intendebantur
2318 2555 2377 2617 ei
2392 2554 2517 2617 alia

378 2689 410 2725 ›>
447 2685 704 2749 quoque
729 2684 768 2729 a
796 2666 1117 2748 proposito
1143 2666 1305 2747 legis
1329 2665 1747 2729 abhorrentia
1769 2667 1874 2729 cui
1901 2668 2298 2748 praesidebat.
2328 2674 2519 2732 Hunc

380 2806 411 2844 »
451 2801 563 2865 per
604 2782 1147 2864 subscriptionem
1196 2782 1473 2864 aincere
1524 2782 1667 2846 sede
1702 2782 2102 2862 sacerdotali,
2150 2784 2327 2866 paria
2376 2802 2521 2849 sen—

381 2921 411 2958 »
449 2899 615 2966 tiens
650 2900 923 2977 caeteriS‚
964 2900 1233 2980 jubente
1270 2899 1582 2980 principe,
1612 2898 1898 2963 Liberius
1939 2900 2252 2979 monituS‚
2298 2919 2518 2981 perse-

382 3039 411 3074 »
450 3017 751 3080 verenter
792 3015 1217 3092 renitebatur,
1265 3033 1384 3079 nec
1430 3015 1647 3078 visum
1690 3015 2024 3079 hominem
2063 3034 2184 3079 nec
2219 3016 2518 3082 auditum

382 3153 413 3189 >³
449 3131 759 3195 damnare
804 3131 984 3195 nefas
1025 3130 1336 3193 ultimum
1380 3149 1544 3211 saepe
1573 3131 1940 3193 exclamans
1958 3149 1979 3209 3
2028 3132 2242 3210 aperte
2282 3131 2522 3196 scilicet

385 3268 415 3305 >³
452 3248 858 3311 recalcitrans
906 3246 1311 3326 imperatoris
1354 3245 1643 3308 arbitrio.
1684 3244 1751 3308 Id
1786 3244 1966 3307 enim
2002 3245 2135 3323 ille,
2165 3244 2520 3310 Athanasio

386 3382 417 3418 >³
454 3379 701 3444 semper
727 3362 1020 3438 infestu5‚
1069 3361 1218 3424 licet
1255 3360 1443 3424 sciret
1489 3360 1857 3440 impletum,
1890 3360 2110 3422 tamen
2139 3360 2516 3426 auctoritate

388 3497 420 3535 ι)
455 3494 732 3560 quoque,
764 3496 893 3561 qua
922 3477 1193 3559 potiores
1216 3477 1472 3539 aeternae
1501 3474 1686 3538 urbis
1709 3474 2027 3555 Episcopi,
2061 3474 2311 3539 firmari
2345 3476 2514 3540 desi-

384 3612 418 3650 »
452 3591 628 3656 derio
654 3595 982 3657 nitebatur
1006 3591 1277 3655 ardenti.
1316 3593 1450 3667 Quo
1474 3608 1608 3653 non
1639 3590 2008 3671 impetrato,
2032 3590 2322 3653 Liberius
2347 3609 2517 3671 aegre

383 3728 414 3766 υ
445 3710 663 3790 populi
703 3711 908 3785 metu,
938 3708 1053 3790 qui
1083 3710 1140 3789 ej
1153 3725 1227 3770 us
1258 3724 1478 3770 amore
1507 3706 1849 3786 flagrabat,
1887 3723 2039 3768 cum
2077 3723 2315 3786 magna
2343 3705 2514 3768 diffi-

381 3845 414 3882 ›>
447 3825 683 3888 cultate
712 3825 918 3889 noctis
946 3823 1158 3886 medio
1177 3822 1382 3904 potuit
1404 3820 1778 3902 absportari.
1798 3841 1832 3881 >³
1869 3820 2024 3898 (Lib.
2055 3826 2155 3898 15,
2182 3837 2237 3882 c.
2274 3828 2330 3896 7,
2360 3818 2512 3882 edit.

383 3942 641 4004 Henrici
664 3940 948 4020 Valesii.)
1027 4004 1028 4007 ,

464 4057 526 4120 Si
555 4056 717 4120 dans
742 4058 805 4120 13
841 4056 1174 4136 discipline
1212 4053 1530 4118 ancienne
1552 4052 1615 4115 13
1638 4052 1936 4114 sentence
1965 4051 2269 4133 synodale
2301 4050 2378 4114 de
2408 4051 2521 4114 de-

385 4174 657 4255 position
699 4176 918 4238 contre
958 4192 1055 4237 un
1084 4165 1336 4256 Eveque
1376 4173 1546 4237 avait
1568 4190 1700 4236 une
1748 4172 1972 4234 valeur
2020 4187 2168 4232 sans
2195 4168 2389 4250 qu’on
2433 4186 2517 4232 en

386 4289 620 4354 referat
660 4309 745 4353 au
776 4290 1022 4353 Pontife
1049 4288 1305 4353 romain
1338 4290 1404 4351 et
1431 4305 1581 4352 sans
1606 4286 1764 4369 qu'il
1811 4286 1873 4349 13
1905 4283 2267 4360 confirmat,
2319 4301 2515 4364 pour·-

385 4407 538 4490 quoi
570 4407 958 4487 l'empereur
995 4404 1073 4469 de
1102 4403 1620 4484 Constantinople
1653 4420 1719 4465 se
1745 4400 2009 4465 serait-il
2035 4398 2248 4464 donne
2271 4400 2412 4461 tant
2438 4398 2516 4462 de

385 4524 720 4586 tourment
747 4540 914 4603 pour
938 4520 1243 4590 arracher
1283 4521 1443 4587 cette
1474 4517 1895 4600 approbation
1936 4534 2020 4580 au
2049 4533 2206 4597 pape
2253 4512 2518 4577 Libere?
