3038 5623
606 733 752 802 254
1310 733 1698 797 'rnolsiiffln
1749 750 2034 798 PARTIE.

605 918 638 955 n
676 895 901 977 magni
932 893 1274 969 momenti,
1307 895 1500 974 prout
1541 893 1899 958 conducere
1926 893 2144 957 visum
2185 895 2280 958 est
2321 893 2400 957 ad
2431 893 2733 957 extollen-

607 1032 641 1072 ι»
671 1011 824 1074 dam
847 1009 1121 1074 Romani
1143 1009 1465 1072 pontificis
1482 1008 1957 1072 auctoritatem.
1989 1011 2281 1073 Attamen
2305 1011 2484 1072 tauta
2505 1006 2735 1071 borum

609 1147 640 1185 ι)
677 1126 1105 1206 capitulorum
1152 1124 1440 1204 dignatio
1470 1123 1616 1201 fuit,
1669 1125 1746 1186 ut
1772 1124 1968 1187 etiam
2019 1126 2393 1206 frequenter
2434 1122 2739 1204 descripta

609 1263 642 1300 >³
677 1240 924 1303 fuerint
955 1240 1025 1303 in
1050 1257 1282 1319 regum
1324 1240 1697 1302 nostrorum
1747 1240 2234 1320 capitularibus.
2287 1260 2318 1298 n
2371 1242 2627 1318 (Marca,
2668 1238 2740 1301 de

608 1353 948 1432 concord„
978 1354 1023 1417 l.
1057 1358 1187 1425 Vll,
1218 1372 1274 1417 c.
1310 1356 1436 1431 20.)

692 1473 787 1532 On
824 1470 974 1549 peut
1002 1469 1165 1546 voir,
1195 1487 1309 1532 sur
1337 1470 1500 1533 cette
1528 1471 1960 1545 controverse,
1991 1470 2082 1532 les
2106 1471 2291 1533 notes
2317 1469 2397 1533 de
2424 1470 2486 1532 la
2512 1468 2742 1532 collec-

614 1585 750 1649 tion
772 1585 886 1648 des
913 1584 1187 1648 conciles
1214 1584 1295 1648 de
1323 1585 1552 1660 Mansi,
1583 1586 1631 1647 t.
1658 1589 1784 1655 XII,
1816 1602 1877 1665 p.
1910 1592 2008 1645 15.
2036 1584 2311 1662 Quanta
2340 1586 2524 1648 notre
2553 1585 2742 1665 objet,

613 1701 662 1762 il
710 1718 778 1764 se
832 1701 1032 1763 borne
1082 1698 1121 1762 a
1149 1699 1308 1762 citer
1354 1701 1446 1763 les
1472 1701 1781 1780 capitules
1807 1698 2178 1778 d'Hadrien,
2221 1700 2434 1781 quelle
2477 1717 2606 1781 que
2630 1699 2746 1762 soit

613 1815 761 1876 leur
786 1813 1064 1893 origine,
1091 1830 1344 1876 comme
1373 1831 1468 1875 un
1503 1815 1619 1877 fait
1649 1832 1781 1877 non
1809 1815 2089 1878 conteste
2117 1815 2204 1878 du
2236 1819 2396 1879 VIII·
2440 1815 2657 1893 siecle,
2688 1815 2747 1877 et

609 1945 869 1992 comme
899 1946 991 1991 un
1022 1930 1412 1991 monument
1446 1947 1599 2002 recu
1641 1947 1795 1994 avec
1823 1932 1960 1992 tant
1992 1930 2070 1994 de
2098 1931 2367 2009 respect,
2400 1929 2561 2010 qu'il
2589 1945 2627 1992 a
2654 1928 2746 1992 ele

615 2042 831 2106 insere
856 2061 938 2106 en
971 2042 1213 2123 grande
1240 2043 1441 2122 partie
1470 2043 1634 2106 dans
1660 2045 1751 2107 les
1780 2045 2188 2125 capitulaires
2217 2044 2295 2108 de
2327 2062 2443 2107 nos
2474 2045 2625 2107 rois.

696 2161 803 2234 Or,
838 2158 1004 2221 voici
1032 2175 1102 2222 ce
1132 2175 1258 2239 que
1289 2176 1452 2221 nous
1489 2177 1530 2240 y
1575 2160 1772 2223 lisons
1806 2158 2257 2223 relativement
2292 2156 2330 2221 a
2377 2158 2439 2221 la
2486 2159 2750 2222 matiere

613 2273 730 2355 qui
759 2290 924 2336 nous
951 2290 1188 2353 occupo
1218 2292 1237 2337 ε

696 2391 842 2467 Cap.
882 2393 917 2447 3
953 2403 972 2448 ι
1005 2410 1038 2446 α
1082 2389 1308 2451 Nullus
1356 2389 1705 2469 Episcopus
1759 2389 1884 2451 nisi
1932 2388 2235 2452 canonice
2276 2388 2563 2463 vocatus,
2596 2386 2751 2450 etin

619 2523 651 2560 υ
691 2502 982 2583 legitima
1009 2503 1275 2585 synodo,
1291 2520 1409 2566 suo
1429 2505 1560 2567 tem
1569 2521 1719 2584 pore
1740 2504 2095 2584 Apostolica
2123 2502 2498 2567 auctoritate
2521 2520 2752 2566 convo-

624 2635 657 2673 »
691 2617 831 2678 cata
882 2617 1020 2694 (cui
1058 2617 1347 2697 jussione
1389 2617 1648 2680 Domini
1699 2620 1761 2681 et
1806 2618 2056 2681 meritis
2106 2622 2174 2680 B.
2232 2617 2399 2681 Petri
2453 2616 2751 2697 apostoli,

566 2786 579 2799 ,
623 2749 655 2788 1»
693 2730 1044 2810 singularis
1097 2732 1701 2813 congregandorum
1774 2733 2193 2796 conciliorum
2258 2730 2607 2795 auctoritas
2626 2779 2647 2809 ,
2696 2731 2755 2794 et

621 2868 650 2904 ιι
691 2845 1061 2909 sanctorum
1109 2862 1438 2909 canonum
1479 2864 1554 2910 ac
1607 2849 2126 2911 venerandorum
2174 2849 2437 2911 Patrum
2491 2846 2754 2911 decretis

620 2983 651 3018 ι»
690 2960 1141 3040 multipliciter
1193 2960 1441 3041 privata
1481 2960 1716 3024 tradita
1768 2964 1865 3025 est
1911 2963 2212 3043 potestas)
2255 2979 2449 3043 super
2493 2962 2756 3046 quibus—

627 3096 658 3132 »
699 3075 854 3138 libet
893 3075 1278 3139 criminibus
1321 3076 1613 3156 pulsatus
1649 3076 1954 3139 audiatur
1993 3078 2096 3140 vel
2125 3078 2552 3157 impetatur...
2596 3080 2752 3153 Quo-

614 3210 644 3247 »
684 3190 863 3251 niam
888 3190 1121 3253 eadem
1150 3191 1363 3268 SedeS,
1386 3192 1652 3253 testante
1676 3191 1962 3254 veritatis
1991 3209 2173 3268 voce,
2202 3191 2566 3271 primatum
2596 3189 2749 3254 obti-

613 3325 644 3360 >›
682 3305 854 3381 nuit,
899 3322 1020 3367 nec
1061 3306 1272 3385 prima
1322 3306 1646 3368 diceretur
1686 3305 1739 3367 si
1770 3306 1965 3368 aliam
2011 3323 2203 3386 super
2244 3324 2309 3367 se
2355 3306 2622 3368 haberet
2627 3349 2740 3366 .....

611 3438 647 3477 >>
678 3418 1050 3481 Primatum
1113 3420 1293 3481 enim
1342 3437 1474 3483 non
1529 3420 1983 3501 synodalibus,
2042 3420 2155 3483 aut
2196 3420 2526 3500 aliquibus
2573 3437 2741 3482 com·

616 3553 647 3588 »
686 3532 925 3593 mentis
971 3533 1208 3595 meruit
1252 3534 1587 3612 institutis,
1629 3534 1737 3598 sed
1779 3534 2051 3598 Domino
2080 3535 2417 3614 largiente,
2452 3535 2569 3615 qui
2607 3533 2736 3596 ait:

615 3666 646 3704 »
679 3649 776 3707 Tu
804 3664 871 3708 es
896 3648 1196 3709 Petrus...
1227 3672 1256 3706 »
1290 3650 1637 3729 (sirmond,
1666 3651 1711 3712 t.
1743 3654 1815 3726 ll,
1848 3668 1907 3729 p,
1947 3651 2111 3728 101.)

695 3763 840 3841 Cap.
882 3768 958 3823 23
992 3781 1007 3823 :
1038 3783 1071 3820 «
1099 3763 1342 3826 Placuit
1365 3763 1415 3825 si
1441 3764 1787 3843 Episcopus
1816 3765 2153 3826 accusatus
2180 3762 2597 3844 appellaverit
2623 3766 2735 3825 Ro·-

624 3895 655 3932 »
691 3892 964 3938 manum
1012 3865 1411 3954 Pontificem,
1455 3877 1518 3939 id
1542 3878 1954 3940 statuendum
1975 3878 2148 3960 quod
2180 3878 2313 3957 ipse
2337 3878 2675 3939 censuerit.
2703 3895 2738 3932 »

697 3992 843 4070 Cap.
877 3998 953 4051 ⁴2
990 4011 1006 4052 τ
1045 4013 1076 4050 «
1107 3992 1188 4055 Ut
1216 3991 1629 4072 provincialis
1675 3989 1960 4073 synodus
1998 3992 2380 4055 retractetur
2424 4007 2541 4071 per
2582 3988 2740 4051 vica-

615 4126 647 4161 »
681 4103 809 4165 rios
837 4106 1110 4168 Romani
1140 4105 1488 4184 PontificiS,
1517 4107 1572 4169 si
1596 4107 1730 4187 ipse
1754 4105 2127 4170 decreverit.
2161 4127 2189 4163 ιι

695 4218 846 4278 L'an
885 4223 1026 4294 824,
1060 4220 1248 4281 Louis
1285 4220 1344 4283 le
1375 4220 1565 4285 Pieux
1599 4221 1824 4284 envoie
1854 4239 1938 4283 au
1980 4237 2140 4301 pape
2173 4218 2436 4300 Eugene
2467 4224 2517 4282 11
2558 4221 2616 4282 le
2643 4215 2739 4278 re-

616 4328 816 4392 sultat
844 4330 953 4392 des
977 4329 1428 4397 deliberations
1458 4335 1547 4397 du
1587 4336 1830 4399 concile
1881 4335 1992 4416 qui
2027 4333 2248 4397 venait
2280 4333 2359 4396 de
2403 4349 2469 4396 se
2514 4331 2674 4395 tenir
2696 4327 2737 4390 a

614 4443 813 4521 PariS,
836 4461 991 4508 avec
1011 4445 1071 4507 la
1097 4447 1481 4526 permission
1507 4450 1585 4513 de
1614 4465 1683 4515 ce
1711 4456 1898 4531 Pape,
1923 4467 2089 4530 pour
2112 4449 2337 4513 traiter
2363 4449 2428 4511 la
2451 4445 2734 4530 question
