3038 5623
540 771 682 842 568
1223 770 1629 848 chmssME
1696 788 1976 835 mam-113.

532 934 717 1016 juxta
745 930 1017 996 modum
1051 930 1439 994 canonicum
1477 929 1790 992 observet.
1831 927 2250 1005 Exorcismos,
2281 929 2343 990 et
2375 925 2663 990 benedic-

535 1049 740 1113 tiones
769 1047 920 1111 salis
965 1048 1030 1111 et
1073 1063 1282 1129 aquae,
1323 1045 1726 1126 pertinenter
1751 1045 1943 1126 legat.
1989 1043 2324 1108 Canticum
2354 1043 2666 1106 diurnum

535 1166 600 1228 et
636 1165 1037 1227 nocturnum
1075 1162 1252 1225 sciat.
1302 1161 1698 1242 computum
1751 1159 1944 1222 etiam
1992 1159 2318 1222 minorem
2364 1157 2447 1220 ad
2491 1157 2671 1221 inve-

535 1277 854 1343 niendum
923 1278 1205 1341 litteram
1268 1275 1760 1353 domiuicalem,
1831 1275 2085 1356 tempus
2150 1272 2472 1337 intervalli
2542 1271 2667 1336 diei

534 1393 812 1472 Paschae,
833 1394 897 1456 et
925 1393 1254 1471 majorum
1282 1389 1625 1453 mobilium
1655 1390 1964 1453 festorum
1998 1407 2136 1452 non
2169 1389 2447 1471 ignoret.
2482 1387 2672 1451 Volu-

538 1526 689 1571 mus
717 1508 962 1583 autem,
993 1506 1222 1569 fratres
1250 1505 1675 1582 dilectissimi,
1702 1506 2023 1589 quatenus
2048 1522 2193 1586 quae
2222 1506 2442 1568 nostra
2463 1521 2677 1585 perce·

535 1623 715 1704 pistis
761 1621 1133 1700 traditione,
1172 1620 1358 1684 bonis
1396 1620 1704 1684 studeatis
1733 1620 2038 1700 operibus
2075 1618 2450 1700 adimplere,
2486 1636 2677 1700 praes-

534 1738 710 1801 tante
739 1737 1012 1801 Domino
1056 1737 1276 1800 nostro
1317 1740 1466 1800 Jesu
1510 1736 1786 1813 Christo,
1819 1735 1925 1810 cui
1958 1753 2113 1798 cum
2140 1736 2323 1798 Patre
2343 1737 2408 1798 et
2432 1733 2674 1815 Spiritu

535 1853 755 1916 sancto
783 1854 878 1916 est
903 1851 1113 1915 honor
1142 1853 1205 1915 et
1234 1852 1438 1933 gloria
1459 1851 1532 1914 in
1563 1852 1793 1915 saecula
1819 1852 2226 1916 saeculorum.

618 2032 776 2093 Tum
803 2029 1097 2112 Pontifex
1118 2030 1373 2093 dimissa
1395 2030 1589 2093 mitra
1605 2032 1824 2110 sumit,
1853 2038 1907 2093 et
1926 2038 2099 2093 stans
2116 2047 2325 2094 versus
2345 2028 2430 2093 ad
2449 2029 2680 2107 altare,

539 2144 690 2208 dicit
714 2144 984 2210 absolute
1010 2166 1036 2207 .·

1472 2334 1753 2398 Oramus.

630 2546 821 2609 Nulla
844 2547 959 2623 est,
994 2545 1288 2621 Domine,
1314 2545 1626 2609 humanae
1651 2544 2054 2610 conscientiae
2081 2544 2317 2622 virtuS,
2342 2561 2489 2625 quae
2512 2542 2684 2605 inof-

550 2661 724 2725 fense
747 2661 948 2742 possit
973 2663 1097 2725 tuae
1125 2661 1478 2725 voluntatis
1496 2660 1744 2742 judicia
1764 2660 2076 2742 experiri3
2103 2662 2167 2724 et
2190 2659 2358 2738 ideo,
2390 2658 2547 2741 quia
2567 2658 2687 2722 im-

550 2776 912 2858 perfectum
971 2778 1270 2840 nostrum
1315 2776 1539 2841 vident
1594 2777 1763 2847 oculi
1807 2777 1942 2856 tui,
2000 2776 2376 2859 perfectioni
2423 2775 2684 2858 deputa,

545 2893 913 2957 misericors
934 2897 1123 2973 Deus,
1148 2892 1321 2976 quod
1342 2893 1620 2974 perfecto
1638 2893 1958 2976 aequitatis
1982 2894 2114 2957 fine
2138 2892 2523 2957 concludere
2544 2911 2689 2974 per-

542 3011 842 3090 optamus
876 3028 893 3073 :
928 3012 992 3073 te
1032 3009 1103 3072 in
1144 3009 1381 3072 nostris
1433 3009 1764 3090 principiis
1800 3027 2208 3073 occursorem
2235 3009 2675 3090 poposcimus3

540 3127 603 3190 te
648 3125 721 3188 in
769 3126 891 3189 hoc
937 3125 1069 3189 fine
1120 3123 1518 3206 judiciorum
1570 3126 1946 3189 nostrorum
1995 3124 2390 3188 indultorem
2446 3123 2683 3187 nostris

542 3240 905 3304 excessibus
950 3258 1325 3321 speramus3
1369 3240 1629 3319 scilicet,
1677 3242 1753 3303 ut
1788 3241 2172 3322 ignorantia)
2197 3258 2441 3322 parcas»,
2471 3239 2680 3304 errori

542 3355 907 3436 indulgeaS,
939 3354 1013 3417 ut
1035 3355 1329 3436 perfectis
1357 3356 1523 3419 votis
1550 3356 1900 3437 perfectam
1925 3356 2136 3437 operis
2166 3355 2519 3420 efficaciam
2543 3355 2679 3417 lar-

546 3470 743 3552 giaris
782 3490 798 3533 :
841 3472 904 3534 et
937 3489 1067 3553 qua
1106 3471 1496 3535 conscientia
1540 3471 1950 3535 remordente
1992 3471 2404 3547 tabescimus,
2455 3489 2540 3534 ne
2571 3471 2687 3533 aut

543 3585 911 3668 ignorantia
939 3603 1059 3648 nos
1088 3587 1356 3651 traxerit.
1381 3586 1451 3649 in
1477 3605 1792 3664 errorem,
1828 3588 1942 3650 aut
1970 3604 2249 3668 praeceps
2276 3586 2545 3650 forsitan
2569 3603 2682 3649 vo-

546 3702 762 3766 luntas
810 3701 1147 3783 impulerit
1178 3702 1496 3783 justitiam
1532 3702 1855 3767 declinare
1876 3720 1898 3781 3
1945 3701 2068 3766 hoc
2114 3705 2179 3766 te
2222 3702 2572 3783 poscimuS,
2620 3703 2685 3765 te

544 3836 874 3899 rogamus,
895 3818 971 3880 ut
994 3817 1046 3880 si
1070 3817 1229 3900 quid
1251 3817 1621 3882 offensionis
1645 3817 1714 3880 in
1736 3816 1857 3881 hac
1875 3817 2129 3881 concilii
2149 3817 2511 3882 celebritate
2531 3834 2688 3880 con-

547 3935 885 4013 traximuS,
914 3935 979 3997 te
1004 3934 1375 4009 miserante,
1401 3933 1878 4016 indulgentiam
1915 3933 2269 3997 sentiamus
2303 3953 2319 3996 :
2349 3935 2426 3996 ut
2473 3933 2544 3996 in
2581 3949 2679 4009 eo,

549 4049 720 4131 quod
751 4048 1026 4113 soluturi
1055 4066 1283 4112 sumus
1329 4050 1749 4130 aggregatam
1791 4048 2139 4130 synodum,
2182 4067 2220 4112 a
2266 4049 2517 4114 cunctis
2549 4048 2683 4129 pri·

551 4182 740 4227 mum
778 4164 1193 4228 absolvamur
1230 4164 1601 4227 nostrorum
1631 4165 1902 4228 nexibus
1928 4163 2317 4229 delictorum
2332 4183 2354 4244 3
2384 4164 2687 4247 qualiter,

552 4282 618 4344 et
670 4281 1171 4360 transgressores
1227 4281 1457 4358 venia,
1510 4282 1575 4343 et
1622 4280 2001 4345 confitentes
2055 4280 2206 4358 tibi,
2259 4276 2692 4361 subsequatur

554 4393 1000 4461 remuneratio
1029 4396 1417 4477 sempiterna
1430 4415 1453 4477 ;
1484 4400 1604 4460 Per
1627 4396 1957 4461 Christum
1984 4396 2338 4464 Dominum
2366 4396 2686 4460 nostrum.

553 4515 619 4594 ις).
652 4515 884 4577 Amen.
