3038 5623
608 807 753 878 340
1314 813 1704 878 'rnorslizME
1754 834 2039 881 ΡΑΒΤΙΕ.

603 971 698 1035 tin
717 1019 738 1050 ,
784 988 902 1036 son
947 989 1343 1050 successeur,
1383 975 1448 1037 la
1486 974 1675 1038 lettre
1717 973 1873 1038 dont
1913 994 2079 1040 nous
2126 978 2333 1043 allons
2381 980 2750 1061 reproduire

602 1088 914 1169 quelques
952 1105 1286 1170 passages:
1325 1106 1411 1152 on
1439 1089 1576 1152 voit
1602 1108 1730 1171 que
1767 1091 1930 1154 cette
1964 1091 2152 1157 lettre
2191 1111 2228 1157 a
2261 1093 2354 1158 du
2389 1094 2526 1160 etre
2564 1096 2753 1161 ecrite

599 1219 686 1265 au
718 1202 867 1283 plus
893 1202 1021 1265 fort
1047 1202 1126 1266 de
1155 1204 1218 1266 la
1247 1203 1604 1284 pretendue
1631 1206 2084 1286 contestation,
2113 1209 2177 1272 et
2204 1209 2242 1273 a
2273 1229 2399 1291 peu
2430 1211 2582 1292 pres
2610 1229 2750 1275 vers

599 1316 659 1381 le
689 1316 905 1381 memo
933 1318 1141 1397 temps
1172 1335 1302 1400 que
1328 1318 1486 1382 celle
1513 1318 1926 1385 d'Aurelius:

687 1452 718 1490 (ι
738 1431 1100 1496 sententias
1132 1434 1385 1496 nostras
1418 1432 1509 1496 sic
1536 1435 2043 1515 temperavimus
2071 1439 2174 1515 ut,
2214 1439 2392 1503 salvo
2427 1440 2751 1521 episcopa-

597 1547 710 1625 tu,
745 1563 882 1610 non
923 1546 1146 1610 tamen
1188 1547 1459 1610 omnino
1495 1548 1822 1629 impunita
1858 1552 2387 1635 relinquerentur
2423 1572 2571 1636 quae
2617 1573 2745 1618 non

598 1661 911 1727 deberent
951 1662 1056 1726 vel
1097 1662 1309 1726 eidem
1353 1662 1473 1744 ipsi
1513 1663 1818 1746 deinceps
1865 1666 2236 1749 iterumque
2275 1667 2603 1746 facienda,
2651 1669 2750 1733 vel

597 1777 844 1841 caeteris
879 1777 1194 1841 imitanda
1226 1779 1605 1860 proponi....
1653 1778 1772 1844 Sed
1801 1780 1958 1863 quid
1990 1781 2221 1845 multis
2256 1788 2513 1846 morer?
2553 1784 2751 1847 Colla-

598 1893 778 1971 bora,
828 1894 1123 1973 obsecro,
1165 1894 1545 1971 nobiscum,
1595 1895 1828 1976 pietate
1871 1896 2262 1960 venerabilis
2296 1897 2569 1962 domine
2602 1899 2747 1962 bea-

596 2007 880 2088 tissime,
925 2010 989 2073 et
1024 2009 1236 2072 debita
1282 2010 1598 2073 charitate
1643 2011 1860 2074 sancte
1900 2016 2104 2092 Papa,
2147 2013 2210 2075 et
2242 2013 2401 2093 jube
2443 2012 2562 2076 tibi
2608 2030 2747 2094 quae

595 2123 839 2187 directa
871 2124 1027 2187 sunt
1053 2124 1278 2187 omnia
1306 2124 1589 2188 recitari.
1626 2124 1787 2188 Vide
1830 2125 2269 2207 episcopatum
2298 2126 2586 2209 qualiter
2615 2145 2748 2208 ges·

595 2239 890 2318 serit....,
930 2257 1132 2321 quam
1165 2240 1426 2303 versuta
1466 2239 1764 2303 suasione
1803 2242 2104 2304 sanctum
2142 2259 2367 2304 senem
2400 2241 2746 2321 primatem

596 2356 927 2432 nostrum,
959 2354 1034 2418 ut
1060 2353 1121 2418 ei
1147 2356 1381 2418 cuncta
1407 2355 1725 2434 crederet,
1763 2373 1965 2437 quem
1992 2356 2169 2419 velut
2198 2356 2383 2419 omni
2418 2355 2614 2419 modo
2650 2356 2747 2418 in-

596 2471 932 2550 culpatum
957 2467 1329 2533 venerando
1365 2487 1542 2550 papae
1570 2469 1896 2533 Bonifacio
1926 2471 2437 2547 commendaret,
2479 2471 2746 2534 induxe-

601 2583 688 2647 rit
702 2602 723 2663 3
776 2586 841 2648 et
886 2585 1118 2648 caetera
1155 2602 1301 2666 quae
1343 2601 1382 2647 a
1425 2601 1533 2647 me
1575 2584 1731 2666 quid
1789 2602 1953 2667 opus
1995 2586 2092 2648 est
2129 2586 2356 2664 recoli,
2409 2604 2566 2650 cum
2610 2604 2746 2651 me-

599 2699 892 2763 moratus
912 2698 1304 2764 venerabilis
1333 2698 1631 2763 senex-ad
1656 2702 1841 2763 tuam
1864 2701 2369 2764 sanctimoniam
2392 2702 2627 2765 cuncta
2654 2720 2748 2765 re·

599 2817 823 2881 tulerit
831 2862 951 2878 .....
1004 2814 1127 2879 Sed
1164 2815 1380 2878 ille....
1423 2817 1702 2879 clamat:
1744 2817 1873 2880 Aut
1913 2818 2162 2881 in'mea
2206 2818 2502 2881 cathedra
2547 2818 2746 2881 sedere

601 2932 780 2995 debui
791 2980 812 3010 ,
850 2939 966 2994 aut
997 2931 1338 3011 Episcopus
1380 2948 1502 2994 esse
1546 2950 1675 2994 non
1711 2932 1964 2996 debui...
1987 2981 2004 2996 .
2026 2978 2041 2993 .
2094 2931 2391 3004 Existunt
2430 2933 2742 3014 exempla,

598 3046 736 3128 ipsa
762 3045 919 3110 Sede
946 3044 1291 3126 apostolica
1303 3044 1662 3126 judicante,
1684 3048 1786 3111 vel
1811 3047 2089 3111 aliorum
2103 3046 2393 3128 judicata
2417 3047 2744 3125 firmante,

599 3161 915 3244 quosdam
942 3178 1057 3242 pro
1085 3161 1290 3242 culpis
1319 3160 1741 3243 quibusdam,
1777 3180 1897 3226 nec
1932 3163 2268 3244 episcopali
2305 3162 2608 3243 spoliatos
2639 3162 2746 3225 ho-

596 3294 778 3352 nore,
822 3294 942 3340 nec
978 3275 1234 3339 relictos
1275 3274 1676 3339 omnimodis
1717 3277 2153 3358 impunitos.»
2211 3278 2391 3341 Saint
2422 3276 2742 3358 Augustin

597 3391 721 3455 cite
751 3390 833 3454 ici
865 3409 1032 3471 pour
1058 3392 1378 3472 exemples
1407 3391 1568 3454 trois
1596 3390 1884 3473 Eveques
1922 3393 2092 3455 alors
2121 3391 2430 3455 existants
2462 3408 2548 3454 en
2577 3390 2745 3453 Airi-

599 3524 758 3589 que,
799 3506 944 3586 puis
982 3506 1029 3568 il
1065 3506 1319 3586 ajoute:
1362 3506 1577 3582 «Quia
1614 3523 1769 3587 ergo
1810 3506 2108 3587 pastorali
2150 3505 2460 3587 vigilique
2503 3505 2744 3568 cautela

600 3620 1014 3685 beatissimus
1043 3639 1205 3701 papa
1234 3619 1603 3683 Bonifacius
1633 3620 1703 3683 in
1730 3621 1995 3702 epistola
2027 3637 2143 3683 sua
2175 3619 2413 3700 posuit,
2444 3619 2524 3683 de
2555 3620 2743 3682 Anto-

601 3736 713 3800 nio
739 3737 1013 3817 loquens
1045 3734 1364 3815 episcopO,
1396 3736 1461 3798 et
1489 3735 1618 3810 ait,
1652 3736 1706 3797 si
1733 3735 2012 3798 ordinem
2039 3752 2255 3798 rerum
2285 3732 2464 3796 nobis
2493 3733 2740 3815 fideliter

601 3852 937 3929 indicavit;
955 3850 1166 3930 accipe
1185 3867 1365 3912 nunc
1390 3848 1692 3912 ordinem
1712 3867 1937 3912 rerum
1952 3867 2146 3931 quem
2165 3849 2275 3912 ille
2295 3848 2363 3911 in
2387 3865 2507 3910 suo
2534 3846 2739 3910 libello

576 3966 968 4044 .reticuit...,
996 3966 1060 4029 et
1083 3964 1356 4028 subveni
1382 3964 1765 4028 hominihus
1794 3966 1914 4047 (les
1938 3965 2328 4042 Fussaliens)
2352 3981 2542 4044 opem
2568 3963 2738 4025 tuam

604 4083 672 4145 in
699 4081 933 4145 Christi
965 4080 1405 4144 misericordia
1433 4082 1643 4143 multo
1674 4080 1929 4144 avidius
1954 4099 2152 4164 quam
2185 4077 2292 4143 ille
2318 4078 2736 4160 poscentibuS,

606 4217 643 4261 a
671 4199 860 4278 cujus
891 4194 1342 4278 inquietudine
1365 4195 1735 4260 desiderant
1756 4196 2046 4260 liberari.
2080 4201 2115 4260 J
2121 4196 2330 4259 udicia
2360 4195 2594 4277 quippe
2620 4191 2738 4256 illis

604 4314 669 4377 et
712 4310 999 4393 publicas
1028 4312 1364 4391 potestates
1388 4359 1404 4385 ‚
1444 4313 1508 4375 et
1559 4311 1873 4375 militares
1907 4312 2186 4392 impetus
2218 4311 2537 4391 tanquam
2573 4324 2738 4372 exse-

604 4428 868 4493 cuturos
898 4427 1259 4507 apostolicae
1288 4424 1465 4491 Sedis
1495 4421 1911 4505 sententiam,
1944 4427 2077 4490 sive
2106 4426 2263 4507 ipse,
2295 4425 2431 4488 sive
2452 4438 2734 4488 rumores

604 4540 983 4610 creberrimi
1012 4541 1531 4625 comminantur3
1563 4543 1637 4604 ut
1679 4541 1902 4606 miseri
1950 4541 2248 4606 homines
2276 4540 2611 4605 christiani
2643 4554 2737 4601 ca-
