3038 5623
1055 690 1199 760 530
1743 689 2166 766 Quummn
2222 709 2505 756 murm.

1052 849 1295 915 versias
1318 847 1800 929 componendas
1828 849 2131 912 animum
2151 848 2487 913 advertere
2506 850 2822 931 oportebit
2828 897 2941 926 .....
2959 850 3038 928 ut¹

1051 966 1191 1029 titia
1236 965 1413 1029 viam
1459 964 1864 1045 praeparante
1914 981 2144 1027 omnes
2192 965 2496 1028 unanimi
2551 983 2870 1029 consensu
2919 964 2991 1028 ad

1048 1078 1422 1162 exequenda
1452 1077 1872 1159 expeditiores
1921 1078 2291 1159 procedant.
2334 1082 2732 1162 Quapropter
2778 1080 3038 1162 expostul

1049 1196 1213 1259 tium
1244 1195 1521 1277 querelae
1541 1194 1603 1256 et
1625 1193 2062 1257 accusationes
2089 1212 2220 1257 non
2250 1195 2445 1260 modo
2473 1198 2697 1260 contra
2727 1195 3034 1260 inferioris

1046 1310 1219 1374 dinis
1255 1310 1547 1386 clericOS,
1592 1308 1700 1372 sed
1740 1309 2155 1390 potissimum
2184 1313 2406 1373 contra
2447 1312 2808 1392 EpiscopoS‚
2839 1311 3034 1393 ipsum

1042 1426 1635 1507 Metropolitanum,
1658 1425 1861 1506 aequis
1885 1425 2156 1489 auribus
2177 1426 2601 1508 excipientur,
2625 1428 2691 1489 et
2719 1428 2912 1506 prout
2929 1426 3038 1505 just

1046 1541 1322 1606 suaserit
1349 1541 1900 1604 terminabuntur.
1928 1543 2015 1618 (C.
2040 1539 2120 1604 de
2139 1541 2458 1617 conciliis,
2483 1548 2557 1603 ¹8
2581 1541 2753 1618 dist.)
2775 1540 2953 1618 Quod
2970 1540 3017 1603 si

1045 1656 1266 1720 niores
1320 1656 1732 1736 probationes
1793 1657 1857 1719 et
1925 1655 2315 1720 exactiorem
2368 1657 2804 1737 cognitionem
2861 1654 3038 1736 postu'

1043 1788 1245 1852 quam
1293 1770 1367 1833 ut
1410 1769 1593 1833 brevi
1630 1770 1744 1833 illo
1789 1772 2077 1851 tempore
2110 1771 2396 1852 expediri
2446 1772 2725 1852 possint,
2766 1770 3038 1852 Judicibt

1045 1885 1292 1967 synodo
1341 1886 1722 1967 provinciali
1775 1885 2094 1966 deputatis
2152 1886 2616 1968 cognoscendae
2664 1905 2739 1951 ac
2791 1885 3038 1950 definiei

1042 2002 1559 2081 committantur,
1591 2001 1672 2065 ad
1697 2002 2142 2083 proescriptum
2170 2000 2424 2066 concilii
2445 2001 2837 2081 Tridentini,
2857 2020 2997 2083 cap.
3030 2011 3038 2056 t

1047 2117 1179 2182 fine
1209 2135 1364 2181 sess,
1400 2124 1503 2181 2⁴.

1128 2255 1160 2292 >2
1194 2237 1320 2297 Nec
1347 2233 1563 2296 solum
1606 2233 1687 2296 ad
1730 2233 2107 2314 petitionem
2149 2233 2458 2310 aliorum,
2490 2232 2602 2297 sed
2628 2233 2832 2297 etiam
2867 2251 2945 2297 ex
2986 2231 3038 2295 ot

1050 2347 1335 2429 synodus
1364 2348 1779 2429 provincialis
1807 2348 2092 2430 inquiret
2106 2349 2333 2412 contra
2355 2349 2690 2430 Episcopus
2709 2349 2778 2412 in
2812 2349 3038 2413 univer

1056 2463 1251 2542 (rrid.
1276 2481 1428 2527 sess,
1458 2471 1562 2542 25,
1589 2482 1646 2527 c.
1685 2464 1740 2546 1)
1780 2464 2105 2546 quomodo
2137 2482 2207 2528 se
2251 2464 2535 2528 habeant
2559 2482 2715 2547 erga
2737 2482 2895 2529 suos
2922 2482 3038 2528 con

1058 2578 1353 2659 guineOS,
1381 2580 1446 2642 et
1463 2579 1842 2657 familiares,
1861 2581 1926 2642 et
1944 2580 2270 2662 quomodo
2288 2597 2356 2644 se
2380 2580 2661 2644 babeant
2680 2597 2842 2662 erga
2866 2579 3038 2644 subdi

1057 2694 1417 2776 specialiter
1440 2697 1664 2759 autem
1684 2697 2019 2776 cognoscet
2036 2713 2123 2759 an
2141 2696 2536 2779 deliquerint
2548 2697 2722 2760 circa
2741 2696 3038 2761 residenti

1056 2813 1122 2875 et
1150 2811 1201 2875 si
1231 2810 1540 2876 absentiae
1563 2828 1789 2875 causas
1815 2811 2237 2895 licentiasque
2263 2830 2302 2876 a
2327 2811 2819 2894 Metropolitano
2844 2814 2954 2877 vel
2981 2830 3038 2877 su

1055 2944 1264 3009 ganeo
1294 2927 1647 3009 antiquiori
1672 2927 1971 2991 obtentas
2004 2927 2488 3009 proetenderint,
2520 2927 2600 2992 de
2627 2927 2870 2992 iisdem
2909 2946 3038 2992 caut

1058 3041 1335 3108 licentiis
1357 3041 1700 3124 judicabit,
1730 3059 1813 3106 ne
1837 3042 1983 3125 quis
2007 3061 2082 3107 eo
2100 3045 2249 3124 jure
2277 3044 2607 3119 abutatur,
2645 3046 2711 3108 et
2737 3047 2814 3107 ut
2855 3044 3038 3126 poeni

1060 3157 1312 3221 nonicis
1341 3159 1634 3222 errantes
1663 3158 2023 3239 puniantur
2043 3161 2144 3237 (ut
2162 3159 2466 3223 sessionis
2500 3165 2581 3221 23
2616 3178 2676 3223 c.
2716 3161 2882 3237 1.)...
2917 3159 3038 3242 (Fal

1059 3272 1264 3354 parle,
1294 3290 1378 3335 en
1401 3274 1500 3336 cet
1522 3272 1798 3343 endroit,
1826 3273 1985 3336 d'un
2009 3290 2116 3337 cas
2142 3272 2230 3337 ou
2260 3274 2322 3336 la
2348 3273 2536 3354 peine
2567 3273 2645 3337 de
2673 3290 3038 3355 suspense}

1061 3388 1188 3450 rait
1216 3387 1350 3451 etre
1378 3387 1596 3468 portee
1628 3389 1851 3453 contre
1882 3406 1978 3451 un
2010 3379 2292 3470 Eveque,
2320 3406 2437 3469 par
2464 3389 2522 3451 le
2551 3388 2795 3470 synode
2823 3390 3038 3470 provii

1063 3519 1147 3565 en
1188 3503 1378 3565 vertu
1423 3502 1514 3565 du
1560 3502 1847 3584 chapitre
1899 3510 1974 3565 u
2019 3502 2096 3567 de
2141 3504 2204 3567 la
2251 3510 2352 3567 25²·
2396 3505 2640 3569 session
2688 3505 2781 3568 du
2833 3505 3038 3570 conci]

1064 3620 1348 3696 Trente.)

1145 3755 1179 3793 ι)
1218 3738 1305 3797 De
1336 3713 1744 3815 gravioribus
1775 3736 1992 3800 tamen
2022 3737 2231 3801 causis
2264 3737 2719 3803 criminalibus
2743 3738 3038 3818 Episcopt

1069 3868 1214 3931 quae
1239 3849 1637 3930 depositione
1669 3851 1785 3912 aut
1810 3851 2171 3931 privatione
2189 3852 2403 3934 dignae
2426 3855 2605 3931 sunt,
2635 3852 2927 3933 synodus
2958 3870 3038 3933 pr«

1069 3965 1250 4029 cialis
1286 3983 1672 4047 cognoscere
1716 3984 1851 4028 non
1894 3969 2123 4047 potest.
2170 3970 2403 4033 Poterit
2440 3970 2662 4033 tamen
2702 3967 2782 4032 de
2823 3968 2960 4046 his,
2989 3985 3038 4030 c«

1069 4080 1354 4161 aliquem
1381 4097 1455 4144 ex
1484 4081 1809 4161 Episcopis
1837 4084 2204 4163 suspectum
2235 4084 2338 4147 vel
2366 4084 2762 4161 accusatum,
2782 4100 3021 4163 capere

1071 4194 1349 4258 mariam
1378 4194 1912 4260 informationem
1955 4198 2018 4260 et
2053 4197 2334 4262 formare
2362 4216 2734 4280 processum
2780 4197 2865 4262 ad
2914 4197 3038 4262 effe

1069 4309 1547 4375 transmittendi
1577 4310 1657 4374 ad
1691 4330 2030 4375 summum
2058 4313 2434 4377 Pontificem
2454 4318 2847 4379 Romanum.

1153 4450 1183 4488 a
1219 4427 1499 4494 Minores
1540 4429 1760 4491 autem
1791 4428 2174 4493 eorumdem
2207 4447 2417 4495 causae
2456 4431 2522 4495 et
2557 4428 2903 4511 ipsiusmet
2937 4430 3038 4489 An
