3038 5623
639 757 779 826 448
1319 757 1739 834 QnArmi-:ME
1800 777 2083 825 marin.

633 919 1075 1001 provinciam,
1106 918 1321 999 parmi
1344 918 1620 1000 lesquels
1651 936 1817 982 nous
1842 936 2009 983 nous
2035 921 2492 986 contenterons
2511 921 2590 985 de
2614 922 2754 986 citer

632 1052 795 1099 ceux
821 1034 900 1099 de
924 1035 1146 1113 Milan,
1185 1034 1355 1098 celui
1402 1033 1481 1098 de
1526 1038 1747 1098 Rouen
1794 1033 1874 1097 de
1915 1041 2097 1113 1581,
2126 1036 2291 1101 celui
2329 1037 2407 1101 de
2434 1038 2648 1102 Reims
2689 1037 2756 1102 de

635 1157 813 1227 1583,
842 1150 1011 1214 celui
1036 1149 1115 1213 de
1131 1149 1458 1213 Bordeaux
1487 1151 1556 1213 et
1581 1148 1749 1213 celui
1775 1148 1852 1213 de
1882 1154 2085 1214 Tours
2106 1150 2185 1216 de
2206 1151 2268 1214 13
2300 1150 2509 1215 meme
2538 1153 2758 1232 annee‚

633 1267 697 1329 et
734 1265 903 1330 celui
933 1265 1014 1329 de
1050 1269 1332 1347 Bourges
1360 1265 1438 1329 de
1470 1272 1648 1327 1584.
1700 1264 2188 1347 Quelques-uns
2220 1266 2302 1330 de
2330 1284 2434 1330 ces
2471 1268 2757 1347 concileS‚

633 1381 1167 1445 non-seulement
1214 1379 1569 1461 emploient
1612 1380 1678 1442 13
1728 1379 2009 1444 formule
2052 1380 2131 1444 de
2180 1383 2288 1444 Pie
2334 1384 2412 1443 lV
2436 1428 2458 1459 ,
2501 1383 2669 1445 mais
2708 1384 2761 1446 la

634 1497 1028 1580 prescrivent
1057 1515 1223 1577 pour
1245 1498 1338 1561 les
1379 1496 1653 1578 synodes
1675 1497 1992 1560 suivant&

713 1616 885 1676 Nous
904 1613 1213 1675 trouvons
1243 1610 1630 1675 neanmoins
1652 1610 1821 1675 deux
1855 1612 2127 1676 conciles
2150 1613 2262 1695 qui
2300 1615 2418 1676 ont
2440 1614 2554 1678 fait
2581 1633 2765 1697 usage

630 1729 827 1792 d'une
856 1728 1136 1791 formule
1154 1726 1519 1802 differente,
1556 1726 1770 1790 savoir
1797 1727 1964 1791 celui
1989 1726 2068 1791 de
2097 1729 2396 1793 cambrai
2415 1729 2493 1794 de
2525 1737 2682 1793 1565
2709 1734 2767 1794 et

628 1842 798 1908 celui
822 1841 900 1905 de
930 1848 1117 1918 15643
1155 1840 1320 1904 mais
1344 1841 1391 1904 il
1420 1842 1514 1905 est
1544 1840 1901 1906 necessairc
1929 1841 2007 1906 de
2031 1842 2191 1907 faire
2216 1846 2530 1927 quelques
2559 1847 2765 1910 obser-

628 1958 877 2022 vations
908 1974 1022 2020 sur
1044 1975 1115 2021 ce
1148 1956 1430 2032 dernier,
1457 1956 1675 2038 quine
1702 1974 1866 2020 nous
1890 1957 2099 2037 parait
2123 1976 2229 2039 pas
2248 1958 2470 2023 devoir
2491 1960 2629 2024 etre
2653 1960 2761 2023 mis

628 2091 714 2137 au
744 2071 1017 2136 nombre
1047 2071 1123 2135 de
1154 2089 1317 2135 ceux
1349 2071 1465 2153 qui
1490 2088 1575 2134 ne
1614 2089 1680 2135 se
1724 2073 1871 2135 sont
1916 2090 2029 2152 pas
2056 2074 2422 2139 conformes
2450 2074 2577 2139 313
2605 2093 2758 2156 pres-

629 2188 911 2270 cription
930 2187 1009 2251 de
1031 2188 1138 2251 Pie
1163 2192 1268 2263 IV,
1301 2186 1619 2269 quoiqu'il
1646 2186 1806 2250 n'ait
1830 2205 1944 2269 pas
1968 2188 2266 2271 employe
2296 2208 2365 2253 sa
2386 2190 2679 2256 formule.

709 2309 878 2368 Dans
907 2322 975 2367 sa
996 2302 1221 2367 seance
1248 2303 1338 2366 du
1363 2309 1438 2364 29
1469 2301 1848 2380 novembre,
1879 2302 1928 2366 11
1955 2302 2239 2367 delibera
2265 2323 2379 2368 sur
2400 2305 2464 2368 13
2495 2306 2761 2370 formule

628 2420 709 2485 de
736 2419 826 2483 foi
855 2418 892 2483 3
917 2419 1202 2500 adopter.
1237 2422 1408 2482 Dans
1430 2418 1494 2481 la
1518 2416 1747 2481 seance
1783 2415 2187 2497 precedente,
2215 2436 2304 2482 on
2335 2420 2510 2483 avait
2537 2419 2763 2501 charge

628 2536 941 2617 quelques
965 2533 1364 2615 theologicus
1391 2532 1481 2595 du
1509 2531 1749 2613 synode
1774 2531 1921 2596 d’en
1958 2530 2216 2613 rediger
2237 2551 2393 2596 une.
2427 2535 2657 2610 Quand
2686 2553 2762 2598 on

625 2668 707 2714 en
729 2651 841 2712 eut
863 2648 979 2712 fait
1004 2649 1068 2712 13
1107 2650 1373 2726 lecture,
1404 2648 1463 2711 le
1505 2646 1796 2710 cardinal
1842 2646 1920 2710 de
1960 2646 2289 2725 Lorraine,
2324 2647 2437 2729 qui
2466 2648 2765 2729 presidait

626 2781 710 2828 en
748 2781 818 2827 sa
853 2761 1091 2846 qualite
1125 2762 1207 2827 de
1242 2760 1751 2842 Metropolitain,
1813 2760 2067 2825 declara
2114 2762 2273 2844 qu’il
2309 2762 2763 2844 l’approuvait,

626 2879 773 2944 sauf
786 2878 1099 2961 quelques
1121 2874 1365 2958 legeres
1386 2875 1855 2940 modifications
1879 2876 2040 2958 qu'il
2060 2895 2352 2958 proposa‚
2383 2879 2444 2941 et
2470 2871 2767 2962 l'Eveque

625 2994 704 3058 de
757 2992 987 3071 SenliS‚
1035 3009 1190 3056 avec
1240 2991 1559 3072 plusieurs
1612 2992 1858 3069 autreS‚
1914 3009 1981 3055 se
2028 3010 2269 3073 rangea
2308 2992 2387 3056 de
2438 3011 2561 3057 son
2610 2996 2761 3058 avis,

624 3108 782 3175 Mais
818 3107 1129 3190 quelques
1176 3106 1502 3170 membres
1537 3104 1628 3168 du
1669 3105 1913 3169 concile
1959 3106 2396 3187 exprimerent
2441 3126 2538 3172 un
2577 3109 2764 3174 senti-

622 3225 807 3288 ment
826 3221 1171 3299 contraire3
1201 3219 1280 3283 ils
1308 3220 1504 3284 firent
1527 3220 1825 3284 observet
1855 3238 1983 3302 que
2007 3220 2217 3284 c’etait
2246 3221 2404 3284 faire
2433 3221 2656 3303 injure
2683 3241 2763 3285 au

622 3338 864 3402 concile
886 3338 964 3400 de
992 3338 1226 3400 Trente
1262 3354 1388 3418 que
1412 3335 1491 3398 de
1528 3352 1613 3398 ne
1644 3352 1755 3415 pas
1778 3334 2045 3416 adopter
2091 3336 2153 3400 la
2190 3336 2471 3401 formule
2507 3339 2627 3419 qui
2658 3355 2763 3401 ve·

626 3452 763 3517 nait
790 3452 866 3515 de
883 3450 999 3513 lui.
1029 3449 1205 3514 Voici
1233 3452 1565 3515 comment
1593 3450 2010 3531 s'expriment
2034 3469 2148 3515 sur
2185 3469 2257 3515 ce
2285 3453 2453 3532 sujet
2473 3452 2570 3516 les
2596 3454 2762 3516 actes

625 3566 704 3630 de
731 3583 802 3630 ce
836 3563 1076 3646 synode
1110 3583 1128 3627 z
1166 3587 1198 3624 (ι
1225 3564 1383 3628 Aliis
1410 3564 1774 3628 dicentibus
1803 3565 1944 3630 fieri
1988 3566 2301 3648 injuriam
2347 3568 2761 3633 oecumenicoe

625 3680 866 3763 synodo
887 3679 1284 3743 Tridentinae
1319 3679 1372 3743 si
1417 3680 1543 3773 3113
1571 3679 1685 3743 fiat
1735 3679 1885 3745 fidei
1937 3681 2242 3761 professio
2274 3700 2475 3764 quam
2505 3701 2652 3765 quae
2680 3683 2759 3745 ab

624 3798 764 3879 ipsa
790 3794 1050 3877 prodiit,
1083 3795 1148 3857 et
1191 3794 1243 3858 si
1282 3794 1353 3856 in
1401 3793 1525 3858 hac
1554 3793 1798 3876 synodo
1839 3795 1904 3858 id
1958 3796 2203 3860 factum
2233 3797 2452 3875 fuerit,
2501 3799 2759 3860 caeteras

624 3929 881 3996 quoque
917 3907 1336 3991 provinciales
1377 3908 1653 3989 synodos
1680 3907 1747 3971 id
1769 3912 2221 3990 usurpaturas,
2268 3910 2552 3993 hincque
2581 3912 2757 3975 futu-

622 4045 776 4091 rum
798 4027 871 4089 ut
905 4023 1374 4105 professionum
1403 4022 1566 4093 fidei
1595 4023 1821 4087 nullus
1856 4023 1938 4087 sit
1965 4025 2223 4087 futurus
2263 4024 2519 4088 modus.
2563 4027 2756 4105 CuJus

624 4140 957 4208 sententiae
992 4140 1215 4204 auctor
1258 4138 1381 4202 fuit
1416 4138 1814 4203 reverendus
1854 4140 2051 4203 abbas
2075 4139 2519 4220 Vallis-Clam,
2556 4156 2756 4223 quam

625 4257 881 4322 secutus
928 4255 1024 4319 est
1071 4254 1477 4319 venerandus
1531 4254 1833 4321 Claudius
1882 4254 1961 4319 de
2006 4255 2265 4320 Xaintes
2314 4255 2674 4338 theologus.
2712 4276 2742 4311 n

625 4372 970 4454 (Odespun‚
1005 4389 1068 4451 p.
1098 4371 1221 4448 19.)

703 4493 788 4555 La
815 4484 1168 4568 profession
1194 4485 1273 4551 de
1303 4484 1391 4551 foi
1417 4484 1508 4550 du
1534 4486 1778 4553 concile
1806 4487 1885 4554 de
1912 4488 2146 4553 Trente
2187 4485 2345 4553 dont
2371 4487 2421 4553 il
2445 4488 2542 4553 est
2572 4480 2745 4569 parle
