3038 5623
651 770 1093 834 omiRATmNs
1146 788 1246 834 Du
1305 788 1608 836 con-clm
1666 792 1908 858 Pnov„
1959 795 2113 840 ETC.
2319 777 2461 848 463

313 946 343 983 12
378 924 741 1008 habereque
785 928 998 1008 ipsum
1028 930 1503 1011 quodammodo
1541 950 1658 1012 pro
1685 933 1923 1015 capite,
1960 954 2172 1019 neque
2218 939 2357 1003 sine
2388 940 2465 1003 il-

313 1060 344 1097 »
388 1039 516 1103 lius
543 1043 872 1105 voluntate
901 1042 1258 1125 quidquam
1291 1063 1483 1127 agere
1511 1047 1866 1111 insolitum.
1897 1071 1928 1108 »

393 1162 462 1215 2⁰
488 1159 570 1218 Le
600 1157 881 1236 premier
918 1158 1194 1238 capitulo
1222 1159 1302 1224 de
1343 1161 1406 1223 la
1443 1162 1744 1243 question
1785 1171 1867 1241 3⁰,
1914 1184 2106 1231 cause
2136 1175 2195 1231 9ο
2230 1187 2246 1232 t
2281 1192 2309 1229 α
2341 1176 2461 1235 Per

313 1292 343 1328 ι)
379 1270 672 1352 singulas
704 1274 1069 1353 provincias
1098 1277 1347 1355 oportet
1373 1277 1717 1359 Episcopos
1741 1297 2124 1361 cognoscere
2153 1285 2461 1366 Metropo-

314 1407 346 1443 ›>
373 1386 655 1450 litanum
677 1406 896 1468 suum,
928 1391 991 1452 et
1015 1390 1230 1471 ipsum
1258 1391 1580 1470 primatus
1618 1412 1844 1458 curam
1884 1397 2206 1477 suscipere
2239 1419 2252 1459 ε
2288 1399 2459 1464 nihil

311 1522 342 1559 »
379 1503 600 1565 autem
648 1519 835 1583 agere
884 1504 1165 1586 reliquos
1212 1507 1550 1587 Episcopos
1590 1510 1823 1588 praeter
1865 1529 2045 1590 eum,
2095 1515 2456 1578 secundum

311 1638 342 1675 ι)
379 1616 551 1699 quod
581 1618 941 1700 antiquitus
968 1638 1007 1683 a
1042 1620 1335 1700 patribus
1368 1623 1605 1686 nostris
1632 1625 2063 1689 constitutum
2088 1628 2460 1692 continetur

309 1752 342 1789 n
375 1731 447 1794 in
470 1750 717 1796 canone
746 1734 826 1804 (le
854 1750 1061 1797 canon
1090 1741 1190 1797 33⁶
1214 1735 1323 1799 des
1345 1737 1611 1817 Apotres
1630 1738 1770 1819 deja
1803 1740 1974 1819 cite).
2004 1744 2265 1822 Propter
2282 1743 2456 1824 quod

309 1868 340 1905 n
374 1847 897 1927 Metropolitanus
925 1849 1278 1931 Episcopus
1307 1852 1474 1914 nihil
1505 1855 1967 1935 praesumptive
1994 1858 2284 1921 assumat
2307 1859 2452 1921 abs-

309 1983 339 2019 »
378 1980 503 2044 que
529 1939 799 2026 consilio
824 1965 1227 2027 caeterorum.
1266 1988 1296 2026 ›>

391 2085 452 2139 3⁰
482 2082 565 2141 Le
589 2077 822 2142 second
852 2080 1128 2160 capitule
1163 2080 1244 2143 de
1286 2082 1348 2145 la
1391 2082 1609 2146 meme
1637 2083 1935 2165 question
1963 2103 1981 2146 ε
2016 2090 2133 2149 Per
2161 2085 2454 2167 singulas

305 2215 340 2254 »
374 2193 734 2274 provincias
769 2195 1105 2276 Episcopos
1127 2196 1418 2278 singulos
1449 2197 1613 2260 scire
1641 2199 1890 2278 oportet
1918 2199 2298 2280 Episcopum
2328 2206 2454 2265 Me-

305 2331 335 2368 »
372 2310 835 2390 tropolitanum
879 2310 990 2393 qui
1038 2312 1263 2389 praeest
1307 2328 1536 2376 curam
1585 2314 1651 2376 et
1703 2313 2202 2377 sollicitudinem
2256 2315 2451 2378 totius

306 2447 338 2484 n
371 2425 713 2506 provinciae
741 2426 1195 2506 suscepisse....
1225 2429 1620 2507 Quapropter
1653 2429 1895 2509 placuit
1917 2448 2075 2493 eum
2111 2429 2444 2494 ethonore

301 2563 333 2600 ι)
365 2541 753 2622 praecellere,
781 2543 844 2605 et
869 2542 1035 2604 nihil
1058 2542 1231 2605 ultra
1255 2541 1393 2605 sine
1413 2542 1550 2623 ipso
1572 2544 1852 2625 reliquos
1872 2544 2210 2626 Episcopos
2229 2562 2443 2626 agere,

302 2681 334 2718 n
369 2658 728 2722 secundum
770 2658 1119 2740 antiquum
1163 2659 1427 2738 patrum
1474 2661 1851 2722 nostrorum
1904 2677 2219 2724 canonem
2241 2705 2263 2736 ,
2317 2660 2443 2724 nisi

301 2794 333 2834 n
367 2773 490 2838 hoc
513 2775 772 2838 tantum
802 2773 973 2856 quod
1001 2773 1353 2855 unicuique
1394 2773 1689 2838 Ecclesiae
1719 2792 1833 2855 per
1882 2792 2071 2840 suam
2113 2776 2443 2841 dioecesim

285 2897 331 2948 'n
366 2890 748 2969 competit...
791 2891 970 2953 Ultra
998 2890 1218 2955 autem
1258 2889 1423 2953 nihil
1463 2907 1652 2970 agere
1691 2890 2090 2970 permittitur
2116 2891 2278 2954 citra
2306 2895 2442 2957 Me-

298 3025 332 3063 »
365 3004 735 3086 tropolitani
762 3004 1047 3085 Episcopi
1072 3004 1536 3068 conscientiam
1565 3023 1580 3067 ε
1608 3022 1730 3067 nec
1750 3006 2279 3085 Metropolitanus
2303 3006 2441 3069 sine

301 3139 338 3178 »
368 3121 747 3183 caeterorum
777 3118 1023 3200 aliquid
1057 3119 1238 3200 gerat
1265 3119 1533 3182 consilio
1567 3118 1994 3183 sacerdotum.
2028 3141 2058 3178 »

379 3242 442 3296 4⁰
482 3239 563 3298 Le
619 3234 992 3316 cinquieme
1052 3234 1328 3315 capitule
1386 3233 1464 3296 de
1526 3235 1688 3297 cette
1745 3233 1959 3297 meme
2009 3234 2302 3314 question
2355 3240 2436 3312 30,

301 3366 490 3412 cause
519 3356 580 3411 9·Ξ
614 3367 631 3411 :
672 3371 703 3409 «
731 3347 1260 3429 Archiepiscopus
1290 3348 1459 3411 nihil
1489 3347 1568 3411 de
1585 3348 2048 3428 Episcoporum
2071 3348 2302 3421 causiS‚
2325 3350 2439 3412 aut

302 3483 335 3520 ι)
371 3462 450 3527 de
491 3463 631 3527 aliis
667 3463 1155 3541 communibuS,
1192 3463 1375 3543 juxta
1412 3462 1648 3525 statuta
1677 3462 2153 3541 Apostolorum,
2197 3464 2437 3545 absque

298 3600 331 3638 n
367 3579 751 3643 cunctorum
780 3579 1051 3642 illorum
1071 3578 1218 3659 agat
1241 3577 1540 3656 consili03
1569 3593 1687 3638 nec
1712 3575 1830 3652 illi,
1856 3575 1982 3638 nisi
2012 3578 2338 3658 quantum
2358 3577 2440 3641 ad

299 3706 333 3744 ι)
366 3703 513 3749 suas
534 3685 867 3766 parochias
889 3684 1191 3766 pertinet,
1213 3683 1352 3747 sine
1377 3700 1493 3747 suo
1522 3702 1538 3746 z
1566 3682 1877 3765 quoniam
1893 3681 2007 3744 tali
2036 3681 2272 3763 gaudet
2288 3700 2440 3746 con-

294 3822 331 3861 »
359 3800 581 3864 cordia
607 3800 1001 3878 AltissimUS,
1023 3802 1087 3862 et
1113 3798 1432 3881 gloriatur
1455 3798 1525 3860 in
1555 3795 1864 3860 membris
1893 3796 2049 3858 suis.
2077 3816 2108 3853 υ

378 3921 439 3976 5⁰
459 3919 541 3979 Le
567 3914 803 3979 second
834 3914 1112 3999 capitule
1144 3914 1224 3976 de
1247 3913 1308 3976 la
1333 3912 1630 3994 question
1663 3920 1742 3988 4⁶,
1773 3927 1965 3974 cause
1994 3917 2053 3971 6⁰
2085 3928 2101 3972 ε
2135 3932 2166 3970 «
2199 3909 2262 3972 Si
2292 3910 2439 3992 quis

291 4051 326 4090 n
360 4030 705 4112 Episcopus
747 4031 818 4094 in
848 4030 1176 4112 aliquibus
1205 4026 1686 4092 causationibus
1709 4023 2056 4104 judicatur,
2101 4025 2163 4088 et
2204 4024 2438 4088 viderit

290 4166 324 4205 n
361 4145 528 4227 ipsos
556 4146 899 4226 Episcopos
926 4144 1039 4226 qui
1069 4143 1140 4205 in
1172 4140 1501 4224 provincia
1529 4139 1684 4212 sunt
1729 4138 1900 4202 inter
1927 4155 1994 4201 se
2026 4137 2269 4218 judicio
2302 4138 2432 4203 dis-

292 4281 326 4320 »
364 4277 650 4341 crepare,
681 4260 773 4322 ita
799 4259 875 4321 ut
896 4258 1012 4322 alii
1035 4258 1378 4321 videantur
1399 4272 1556 4319 eum
1573 4253 1688 4336 qui
1703 4251 2035 4333 judicatur
2053 4252 2432 4333 justificare,

292 4395 326 4433 n
357 4375 470 4438 alii
504 4373 964 4452 condemnare,
1009 4391 1124 4454 pro
1162 4370 1539 4435 definitione
1581 4368 1780 4448 hujns
1821 4366 2258 4445 dissensionis,
2312 4367 2434 4431 hoc

292 4510 325 4548 n
361 4489 604 4571 placuit
625 4489 847 4553 sancto
874 4486 1170 4565 conciliO,
1198 4487 1273 4550 ut
1292 4485 1369 4549 de
1393 4482 1728 4566 provincia
1751 4482 1967 4546 vicina
2004 4482 2168 4546 alter
2206 4481 2434 4547 Metro-
