3038 5623
1188 752 1677 814 clinnMomAL.
2356 747 2496 819 579

437 907 619 973 Mitte
649 907 756 985 eis,
784 909 1066 971 Domine.

439 1023 697 1088 Salvum
725 1023 825 1103 fac
844 1024 1153 1103 populum
1185 1033 1385 1103 tuum,
1413 1027 1693 1089 Domine.

442 1138 594 1202 Fiat
622 1138 1047 1201 misericordia
1079 1147 1215 1217 tua,
1247 1141 1533 1219 Domine,
1562 1158 1748 1222 super
1774 1158 1907 1204 nos.

440 1252 794 1317 Sacerdotes
824 1254 920 1315 tui
947 1252 1295 1317 induantur
1315 1253 1660 1336 justitiam.

452 1367 713 1430 Oremus
732 1385 856 1448 pro
884 1368 1161 1448 fidelibus
1195 1368 1518 1450 defunctis.

452 1482 737 1559 Domine,
768 1482 1001 1545 exaudi
1029 1484 1374 1546 orationem
1403 1503 1626 1548 meam.

447 1598 526 1660 Et
551 1615 698 1659 mox
727 1597 954 1678 incipit
979 1597 1339 1661 orationem
1369 1598 1791 1679 modulando,
1821 1600 1910 1663 ita
1936 1599 2196 1663 dicens:
2229 1602 2512 1665 Actiones

367 1721 617 1776 nostras
644 1729 1019 1793 quaesumus,
1047 1714 1333 1777 Domine.
1369 1714 1447 1777 Et
1473 1713 1665 1791 dicat,
1695 1717 1820 1778 Per
1837 1716 2180 1778 Dominum
2208 1721 2511 1779 nostrum.

366 1826 605 1891 Deinde
643 1825 950 1890 diaconus
989 1828 1149 1908 legit
1187 1828 1626 1909 evangelium,
1665 1830 1823 1894 Cum
1860 1837 2005 1892 esset
2048 1846 2183 1892 sero
2227 1829 2327 1891 die
2371 1829 2515 1906 illa,

368 1960 574 2024 usque
617 1942 698 2005 ad
740 1942 932 2006 illum
972 1944 1191 2006 locum
1230 1942 1346 2006 ubi
1387 1942 1653 2022 dicitur,
1702 1947 1788 2007 Et
1828 1961 2096 2026 quorum
2140 1944 2516 2006 retinueritis

372 2065 616 2121 retenta
647 2064 812 2121 sunt.

448 2172 741 2237 Secunda
772 2172 875 2236 die
908 2172 1135 2236 dicunt
1164 2172 1322 2235 alios
1350 2173 1633 2253 psalmos
1659 2192 1725 2250 v,
1764 2174 1889 2252 Qui
1917 2175 2255 2256 confidunt,
2298 2176 2362 2237 et
2393 2192 2513 2237 cae-

369 2289 569 2367 teros3
605 2288 992 2364 orationem,
1022 2291 1184 2351 Deus
1215 2288 1320 2368 qui
1349 2288 1644 2367 apostolis
1673 2289 1793 2352 tuis
1812 2288 2112 2351 Sanctum
2135 2289 2358 2352 dedisti
2375 2289 2519 2369 Spi-

369 2406 563 2467 ritum
575 2423 602 2481 ,·
627 2402 1065 2484 evangelium,
1106 2403 1475 2466 Convocatis
1503 2405 1684 2467 Jesus
1714 2404 1843 2466 suis
1881 2403 2226 2483 discipulis.

450 2517 664 2580 Tertia
691 2517 794 2580 die
819 2517 1047 2580 dicunt
1073 2516 1234 2579 alios
1255 2534 1298 2578 v
1332 2516 1617 2596 psalmos
1642 2521 1728 2580 De
1742 2517 2104 2597 profundiS,
2136 2518 2198 2581 et
2227 2518 2486 2582 caeteros
2500 2537 2522 2598 3

367 2632 756 2708 orationem,
788 2633 1005 2696 Sancti
1027 2631 1328 2711 Spiritus,
1360 2631 1647 2708 Domine,
1678 2632 1872 2695 corda
1897 2639 2117 2696 nostra
2145 2634 2397 2695 mundet
2427 2634 2525 2696 in-

369 2746 573 2828 fusio,·
609 2746 1058 2829 evangelium,
1102 2747 1457 2827 Desiqnavit
1496 2747 1801 2809 Dominus
1837 2753 1893 2809 et
1933 2747 2091 2810 alios
2137 2765 2328 2811 Lxxn.
2378 2749 2526 2813 Post

369 2863 785 2944 evangelium
806 2862 1071 2925 finitum
1096 2862 1320 2927 sedent
1340 2880 1594 2926 omneS.
1627 2868 1812 2926 Tunc
1834 2863 2034 2926 lector
2063 2863 2133 2926 in
2161 2864 2374 2927 medio
2396 2866 2521 2928 lec-

369 2978 617 3041 tionem
660 2978 1092 3058 opportunam
1134 2976 1406 3040 concilio
1451 2976 1641 3058 legit3
1686 2978 1752 3040 et
1791 2976 1979 3053 dum,
2025 2977 2342 3045 innuente
2379 2979 2518 3042 Pri-

291 3135 295 3138 <
369 3094 566 3170 mate,
598 3091 773 3170 dicit,
804 3094 900 3154 Tu
932 3099 1166 3171 autem,
1203 3091 1357 3154 dicit
1379 3090 1936 3170 ArchiepiscopUS,
1970 3090 2376 3171 Adjutorium
2400 3111 2518 3155 no-

368 3215 575 3270 strum
598 3206 936 3269 innomine
953 3205 1230 3268 Domini.
1255 3204 1669 3286 Respondent
1691 3223 1956 3268 omnes:
1982 3206 2110 3284 Qui
2131 3206 2274 3286 fecit
2297 3207 2522 3269 coelum

371 3328 427 3384 et
463 3328 719 3384 terram.
766 3324 950 3382 Tunc
991 3337 1166 3383 unus
1207 3319 1312 3382 cui
1346 3321 1604 3400 jussum
1648 3320 1879 3397 fuerit,
1923 3321 2094 3383 levat
2135 3338 2200 3383 se
2241 3320 2314 3382 in
2351 3320 2520 3384 edito

369 3437 531 3513 Ιοοο,
558 3436 671 3498 ubi
703 3435 783 3498 ab
821 3434 1129 3498 omnibus
1166 3434 1491 3513 audiatur,
1523 3436 1588 3498 et
1615 3435 1765 3498 facit
1801 3453 2174 3498 sermonem
2202 3435 2279 3498 de
2313 3453 2519 3499 evan-

370 3551 538 3632 gello
572 3551 636 3614 et
659 3549 737 3613 de
762 3550 1061 3613 lectione.
1104 3548 1400 3612 Secunda
1422 3550 1485 3612 et
1502 3548 1693 3612 tertia
1725 3548 1855 3627 die,
1900 3554 2168 3612 omnem
2204 3551 2518 3629 populum

364 3667 598 3747 jubent
623 3665 909 3746 Episcopi
945 3664 1190 3726 intrare
1227 3663 1299 3726 in
1326 3663 1700 3739 ecclesiam,
1732 3663 1812 3726 ad
1844 3662 2236 3737 audiendam
2271 3662 2515 3726 doctri-

370 3798 548 3844 nam.
586 3780 731 3843 Post
765 3796 1136 3841 sermonem
1168 3777 1412 3840 factum
1439 3779 1677 3841 exeunt
1700 3795 1927 3840 omnes
1953 3777 2033 3840 ab
2066 3777 2358 3855 ecclesia,
2390 3777 2519 3840 nisi

371 3897 468 3960 illi
504 3913 667 3979 quos
694 3894 985 3975 Episcopi
1022 3892 1413 3957 retinuerint
1454 3910 1699 3970 secum,
1744 3894 1809 3956 et
1845 3892 2167 3973 incipiunt
2201 3892 2414 3973 loqui,
2458 3893 2522 3955 et

370 4009 718 4073 consilium
747 4008 918 4071 inter
947 4026 1012 4071 se
1042 4003 1326 4089 accipere
1353 4006 1430 4070 de
1461 4006 1738 4070 utilitate
1768 4011 1828 4070 S.
1863 4006 2190 4084 Ecclesiae,
2225 4008 2288 4069 et
2314 4005 2393 4068 de
2416 4005 2520 4069 his

370 4125 582 4189 causis
625 4125 881 4204 propter
913 4140 1080 4207 ¹quas
1124 4121 1498 4203 congregati
1529 4121 1715 4199 sunt,
1755 4122 1819 4184 et
1853 4120 2343 4184 constitutiones
2380 4139 2418 4183 a
2455 4140 2522 4186 se

370 4240 567 4304 factas
595 4239 882 4302 scribent
902 4237 976 4300 in
998 4239 1207 4315 tomo3
1241 4238 1306 4299 et
1330 4254 1539 4318 usque
1568 4236 1650 4298 ad
1677 4234 1909 4298 horam
1933 4254 1998 4298 1x
2031 4236 2102 4298 in
2130 4236 2400 4301 concilio
2431 4253 2521 4299 se-

371 4354 546 4418 dent.
583 4353 797 4417 Tertia
831 4352 958 4431 die,
994 4351 1380 4415 denuntiant
1407 4352 1646 4433 populo
1675 4353 1748 4413 ut
1775 4349 2057 4413 crastina
2095 4350 2198 4414 die
2240 4368 2519 4432 congre—

374 4472 612 4553 gentur
639 4486 863 4532 omnes
881 4468 960 4567 'in
982 4468 1317 4532 basilicam
1342 4466 1688 4532 salvatoris
1723 4466 1804 4530 ad
1833 4469 1894 4530 S.
1922 4465 2305 4542 Martialem,
2336 4465 2399 4528 et
2427 4464 2518 4526 ibi
