3038 5623
433 778 736 824 CONCILE
785 779 999 826 PROV.
1040 779 1178 825 PAR
1216 778 1541 825 RAPPORT
1576 777 1674 824 ΔΙ]
1708 779 2196 825 SAINT-SIEGE.
2306 757 2439 827 231

317 918 668 998 jourd'hui,
700 920 946 1001 oecupe
973 920 1012 984 a
1037 920 1283 1001 dirigar
1309 920 1516 983 tontes
1555 920 1648 983 les
1674 918 1925 1000 eglise8‚
1962 921 2027 984 et
2049 937 2291 1000 prouve
2326 937 2452 1003 que

321 1033 376 1096 le
409 1033 650 1099 concile
676 1033 760 1099 de
786 1034 1037 1114 Mileve‚
1081 1035 1256 1099 aussi
1304 1034 1458 1099 bien
1507 1051 1635 1117 que
1665 1035 1831 1098 celui
1877 1035 1956 1098 de
1995 1035 2327 1117 Carthago,
2357 1035 2450 1099 lui

321 1148 485 1211 avait
511 1149 762 1232 envoye
802 1169 902 1213 ses
930 1152 1098 1214 actes
1126 1168 1208 1214 en
1234 1149 1547 1231 deputant
1571 1167 1717 1213 vers
1749 1149 1843 1213 lui
1889 1148 2177 1232 l'eveque
2218 1151 2453 1215 Julius.

396 1284 426 1323 ι
458 1263 819 1346 Diligenter
841 1284 996 1346 ergo
1035 1267 1103 1330 et
1121 1283 1409 1347 congrue
1437 1265 1779 1346 Apostolici
1817 1265 2153 1330 oonsulitis
2192 1265 2459 1330 honoris

323 1397 351 1433 ι)
384 1393 619 1442 arcana
651 1378 939 1460 (honoris
963 1380 1233 1462 inquam
1279 1380 1454 1443 illius
1480 1398 1703 1462 quem,
1730 1381 1959 1461 praeter
1995 1380 2108 1443 illa
2130 1398 2276 1462 quae
2308 1381 2461 1444 sunt

322 1513 351 1550 »
387 1493 809 1572 extrinsecus»,
854 1493 1217 1559 sollicitudo
1261 1495 1484 1557 manet
1517 1493 1820 1556 omnium
1862 1493 2300 1571 ecelesiarum)
2340 1512 2461 1556 su·

324 1629 357 1666 x·
385 1624 496 1689 per
538 1609 750 1672 anxiis
781 1610 1000 1688 rebus,
1045 1627 1191 1691 quae
1215 1609 1296 1672 sit
1321 1608 1600 1673 tenenda
1641 1608 1983 1686 sententia,
2013 1608 2299 1690 antiquae
2339 1607 2464 1672 sci-

324 1747 352 1783 »
383 1723 528 1787 licet
580 1723 830 1804 regulae
875 1725 1156 1788 formam
1207 1724 1434 1803 secuti,
1463 1742 1666 1808 quam
1711 1725 1843 1788 toto
1890 1742 2146 1806 semper
2185 1725 2269 1787 ab
2308 1725 2463 1789 orbe

326 1861 354 1897 »³
391 1857 656 1902 meeum
701 1839 900 1903 nostis
955 1857 1093 1903 esse
1146 1842 1498 1904 servatum.
1555 1844 1805 1904 Verum
1848 1840 1984 1905 haeo
2041 1841 2238 1904 missa
2279 1840 2461 1916 facio,

323 1975 352 2012 2>
389 1971 603 2034 neque
651 1954 835 2018 enim
879 1954 1001 2018 hoc
1040 1957 1326 2020 vestram
1368 1955 1559 2021 eredo
1594 1956 1793 2020 latere
1854 1955 2293 2036 prudentiam.
2354 1954 2475 2031 Qui

328 2089 353 2126 u
386 2069 568 2132 enim
597 2068 665 2132 id
695 2070 947 2134 actione
989 2071 1323 2150 firmastiS,
1375 2071 1498 2136 nisi
1546 2071 1817 2136 scientes
1870 2070 2042 2153 quod
2088 2088 2201 2151 per
2249 2087 2479 2134 omnes

324 2206 351 2239 υ
393 2183 765 2264 provincias
810 2184 889 2249 de
928 2187 1286 2266 Apostolico
1335 2187 1514 2251 fonte
1551 2186 1915 2267 petentibus
1961 2201 2271 2265 responsa
2312 2201 2481 2247 sem-
2609 2174 2612 2177 ’

325 2320 355 2355 ι)
393 2318 511 2379 per
581 2302 935 2364 emanent?
990 2303 1352 2366 Praesertim
1399 2302 1649 2385 quoties
1687 2301 1837 2364 fidei
1878 2299 2045 2364 ratio
2087 2298 2474 2375 ventilatur,

327 2434 356 2472 »
385 2415 672 2479 arbitror
703 2433 934 2479 omnes
962 2417 1193 2480 [ratres
1220 2418 1284 2481 et
1321 2417 1734 2498 coepiscopos
1765 2417 2041 2494 nostros,
2074 2433 2205 2478 non
2237 2414 2362 2477 nisi
2399 2413 2480 2477 ad

324 2551 351 2585 »
389 2529 680 2605 Petrum,
714 2510 780 2592 id
813 2531 937 2607 est,
968 2530 1070 2594 sui
1118 2532 1406 2595 nominis
1435 2533 1499 2596 et
1538 2531 1804 2595 honoris
1855 2531 2190 2595 auctorem
2236 2529 2478 2592 referre

324 2664 356 2701 ν)
385 2642 645 2722 debere,
672 2646 854 2708 velat
899 2664 991 2708 nu
1003 2665 1086 2711 nc
1115 2648 1335 2711 retulit
1366 2648 1583 2711 vestra
1612 2647 1890 2726 dilectio,
1917 2645 2091 2728 quod
2115 2663 2230 2726 per
2267 2646 2477 2707 totum

325 2779 354 2817 »
387 2758 720 2823 mundum
749 2761 946 2842 possit
973 2762 1281 2827 omnibus
1329 2762 1612 2827 ecelesiis
1642 2763 1714 2827 in
1759 2779 2110 2827 commune
2152 2759 2471 2842 prodesse.

321 2896 353 2933 ι)
388 2875 580 2939 Fiant
626 2876 809 2940 enim
851 2896 1105 2942 necesse
1154 2882 1250 2942 est
1292 2879 1629 2959 cautioreS,
1662 2897 1816 2944 cum
1858 2880 2229 2943 inventores
2277 2879 2477 2942 malo-

324 3010 355 3049 »
384 3009 540 3053 rum
585 2990 668 3054 ad
721 2991 1001 3073 duplicis
1030 2994 1408 3058 relationem
1432 2994 1688 3078 synodi,
1720 2993 2053 3061 sententiae
2086 2993 2320 3056 nostrae
2347 2992 2476 3054 sta-

324 3125 352 3161 u
387 3105 544 3169 tutis
572 3106 859 3171 viderint
910 3109 991 3172 ab
1028 3109 1452 3174 ecclesiastica
1489 3110 1951 3175 communione
1979 3108 2322 3189 sejunctos,
2360 3109 2477 3170 Ge-

323 3239 353 3276 »
387 3220 575 3283 mino
592 3221 794 3302 igitur
817 3223 988 3288 bono
1012 3225 1248 3289 caritas
1272 3227 1484 3289 vestra
1507 3224 1840 3306 fungetur.
1869 3227 2034 3287 Nam
2065 3222 2130 3285 et
2146 3237 2471 3285 canonum

323 3354 356 3393 »
386 3335 729 3414 potiemini
753 3338 960 3418 gratia
1001 3341 1424 3415 servatorum,
1458 3341 1524 3404 et
1564 3338 1872 3403 beneficio
1898 3339 2111 3403 vestro
2159 3339 2328 3401 tolus
2360 3355 2467 3400 or-

324 3472 352 3506 »
389 3449 488 3514 bis
537 3453 785 3516 utetur.
821 3474 854 3512 n

402 3565 454 3628 ll
477 3565 756 3647 importe
791 3567 871 3632 de
894 3586 1275 3653 remarquer
1315 3571 1857 3654 principalement
1890 3571 2053 3635 dans
2092 3588 2163 3634 oe
2206 3584 2467 3650 passage

327 3680 415 3745 les
436 3681 650 3763 points
698 3683 990 3747 suivants
1020 3704 1037 3747 :

406 3805 464 3859 1⁰
493 3803 579 3862 La
604 3797 852 3880 dignita
880 3801 1278 3883 apostolique
1306 3802 1723 3884 (e’est-a-dire
1759 3801 1819 3865 le
1847 3797 2258 3878 Saint-Siege,
2297 3799 2466 3877 Apo-

322 3913 526 3977 stolici
574 3915 854 3993 honoris>
896 3916 1024 3979 ala
1059 3916 1302 3998 charge
1339 3917 1417 3983 de
1447 3919 1657 3982 tontes
1693 3918 1786 3980 les
1815 3914 2066 3996 eglises‚
2119 3912 2465 3977 sollicitudo

319 4028 606 4091 omnium
650 4006 1075 4095 ecclesiarum.
1118 4039 1183 4094 2⁰
1209 4037 1327 4097 Les
1363 4025 1651 4114 Eveques
1686 4031 1777 4094 du
1825 4028 2067 4093 concile
2107 4026 2188 4090 de
2216 4027 2465 4108 Mileve,

319 4159 403 4205 en
415 4144 795 4207 consultant
827 4148 1182 4234 comme-ils
1210 4149 1503 4212 faisaient
1529 4148 1589 4211 le
1613 4143 2027 4226 saint-siege,
2063 4144 2467 4208 observaient

317 4255 407 4320 les
463 4275 718 4322 canons
737 4307 758 4338 ,
812 4262 1141 4341 potiemini
1192 4265 1406 4345 qratia
1453 4272 1844 4327 servatorum
1889 4278 2233 4337 canonum;
2275 4260 2356 4323 ils
2396 4276 2464 4324 se

310 4372 797 4438 conformaient
820 4374 861 4439 a
901 4377 967 4461 la
1010 4377 1186 4461 regle
1212 4379 1528 4443 ancienne
1558 4379 1671 4461 qui
1717 4396 1755 4440 a
1781 4376 1883 4441 ete
1930 4376 2134 4440 suivie
2181 4376 2465 4456 toujours

311 4488 571 4554 atdans
595 4497 738 4553 tout
786 4491 1101 4573 furtivam,
1143 4496 1336 4560 secuti
1377 4494 1656 4576 formam
1689 4494 1965 4575 antiquoe
2010 4493 2237 4572 requlae
2271 4505 2461 4570 quam
