3038 5623
435 760 723 809 comum
770 762 984 810 Pnov.
1027 762 1168 808 PAR
1208 763 1533 809 astron-r
1564 763 1661 810 au
1700 750 2185 813 sanvr-sniGE.
2295 746 2439 817 2⁷33

330 924 356 962 n
380 904 800 982 sanctitatem,
827 921 963 967 non
992 905 1130 967 tam
1152 903 1486 978 discenda,
1513 923 1715 987 quam
1743 906 2208 985 examinanda,
2239 908 2305 970 et
2329 907 2444 971 ubi

329 1039 355 1075 »
384 1017 634 1081 forsitan
659 1017 906 1099 aliquid
933 1018 1336 1098 displicuerit
1360 1019 1767 1084 emendanda
1792 1021 2120 1085 constitui.
2147 1043 2180 1080 »
2220 1024 2442 1100 (Cous-

326 1132 479 1210 tant,
502 1150 650 1213 pag.
687 1137 902 1211 1025.)

392 1250 464 1310 Le
490 1247 710 1311 meme
748 1248 949 1326 saint,
977 1248 1140 1312 dans
1183 1267 1253 1312 sa
1289 1250 1476 1313 lettre
1512 1256 1671 1328 196⁶,
1702 1251 1877 1330 parle
1917 1249 2086 1313 ainsi
2123 1250 2203 1313 de
2240 1251 2304 1313 la
2343 1251 2443 1314 re-

324 1380 499 1442 ponse
525 1362 617 1425 du
649 1362 1039 1445 Saint-Siege
1064 1381 1193 1429 aux
1228 1365 1502 1427 conciles
1531 1363 1610 1427 de
1648 1364 1962 1446 Carthage
1996 1365 2057 1427 et
2082 1364 2438 1429 deMileve.
2511 1380 2515 1383 ·

396 1499 420 1532 α
444 1478 648 1541 Missae
682 1479 836 1540 sunt
873 1477 951 1542 de
989 1478 1111 1542 hac
1145 1497 1215 1542 re
1239 1497 1313 1542 ex
1342 1478 1596 1542 duobus
1627 1479 1920 1543 conciliis
1948 1477 2439 1561 Carthaginensi

319 1611 346 1649 n
375 1593 429 1654 et
444 1594 810 1656 Milevitano
830 1593 1172 1658 relationes
1192 1594 1272 1656 ad
1299 1594 1712 1674 apostolicam
1736 1594 2041 1658 Sedem...
2059 1595 2441 1675 scripsimus

319 1725 344 1763 o
372 1707 548 1770 etiam
613 1707 693 1771 ad
739 1709 942 1771 beatae
990 1708 1324 1772 memoriae
1380 1726 1615 1790 papam
1668 1710 2118 1773 Innocentium
2138 1758 2158 1788 ,
2209 1712 2444 1790 praeter

313 1841 344 1880 »
371 1824 783 1887 conciliorum
835 1824 1174 1888 relationes
1202 1872 1223 1901 ,
1277 1824 1524 1888 litteras
1576 1825 2006 1889 familiares..
2062 1824 2160 1888 Ad
2214 1825 2437 1890 omnia

311 1956 337 1994 n
370 1939 539 2002 nobis
574 1939 687 2002 ille
724 1938 1057 2019 rescripsit
1092 1938 1317 2002 eodem
1357 1940 1550 2003 modo
1578 1958 1709 2022 quo
1736 1941 2001 2019 faserat
2023 1941 2216 2022 atque
2243 1959 2434 2022 opor-

306 2070 335 2108 »
364 2053 523 2116 tebat
552 2054 915 2135 apostolicae
947 2053 1126 2117 Sedis
1148 2054 1543 2118 Antistitem.
1580 2077 1611 2113 »

376 2169 433 2231 Si
475 2170 553 2234 de
599 2171 917 2252 l’Afrique
965 2187 1132 2232 nous
1168 2157 1432 2250 portons
1474 2188 1595 2234 nos
1632 2171 1896 2251 regards
1938 2190 2052 2234 sur
2087 2172 2180 2234 les
2222 2174 2437 2236 autres

62 2344 65 2351 ,
181 2291 185 2296 ’
300 2298 440 2362 pays
463 2284 973 2367 catholiques'de
1010 2285 1172 2348 cette
1202 2285 1482 2366 fimoque,
1528 2302 1692 2348 ”⁰⁰⁸
1732 2303 1776 2366 Y
1806 2303 2052 2368 V⁰Y⁰¹¹S
2084 2289 2342 2368 parwm
2377 2287 2438 2349 le

301 2397 678 2480 saint-Siege
715 2401 909 2480 jnger
946 2418 1028 2462 en
1077 2398 1341 2462 dernier
1379 2401 1622 2463 ressort
1661 2401 1872 2466 toutes
1901 2402 1994 2464 les
2026 2402 2278 2465 affaires
2315 2402 2437 2466 im-

300 2515 656 2592 portantes,
682 2516 748 2578 et
796 2513 876 2578 de
925 2515 1186 2595 partout
1227 2514 1384 2578 elles
1430 2516 1578 2577 sont
1616 2516 1865 2596 portees
1905 2534 1990 2580 au
2024 2517 2306 2580 tribunal
2343 2516 2430 2580 du

298 2629 528 2693 Pontife
564 2630 856 2694 romain.

380 2747 474 2806 En
501 2753 652 2824 402,
681 2746 741 2808 le
778 2763 938 2827 pape
966 2745 1279 2808 Innocent
1300 2749 1368 2808 1²¹
1395 2744 1620 2808 etablit
1651 2745 1816 2809 ainsi
1847 2765 1930 2810 en
1957 2764 2026 2810 sa
2059 2748 2234 2828 place
2263 2766 2431 2829 pour

293 2857 378 2922 les
405 2862 749 2942 provinces
785 2860 1058 2942 d’lllyrie
1097 2860 1403 2942 Anysius,
1435 2861 1840 2944 archeveque
1884 2862 1963 2928 de
2013 2862 2428 2928 Thessaloni-

290 2992 405 3054 que
451 2993 468 3036 :
527 2999 558 3036 «
607 2976 824 3040 Etiam
864 2976 1222 3039 anteriores
1263 2976 1428 3038 tanti
1471 2993 1545 3039 ac
1579 2976 1724 3039 talis
1764 2976 1889 3040 viri
1936 2977 2427 3057 praedecessores

286 3089 406 3151 mei
451 3090 795 3171 Episcopi,
836 3090 903 3152 id
945 3091 1041 3154 est
1087 3091 1319 3154 sanctae
1362 3090 1698 3153 memoriae
1739 3094 2082 3167 Damasus,
2123 3090 2419 3165 SiriciuS‚

287 3202 465 3285 atque
504 3223 714 3286 supra
752 3206 1148 3268 memoratus
1183 3204 1286 3267 vir
1312 3205 1772 3283 (Anastasius),
1798 3205 1886 3266 ita
1914 3203 2325 3281 detulerunt,
2352 3204 2425 3265 ut

284 3319 497 3383 omnia
535 3339 690 3403 quae
734 3320 804 3382 in
842 3319 934 3383 eis
973 3319 1264 3400 partibus
1301 3319 1703 3400 gererentur,
1745 3319 2075 3382 Sanctitati
2114 3321 2241 3382 tuae
2281 3335 2426 3401 quae

164 3461 187 3482 ·
278 3431 462 3509 plena
500 3435 780 3518 justitiae
820 3437 951 3512 est,
991 3435 1318 3498 traderent
1354 3433 1796 3515 cognoscenda
1839 3453 1856 3497 ε
1908 3451 2125 3498 meam
2169 3452 2426 3515 quoque

273 3549 671 3625 parvitatem
703 3550 824 3613 hoc
850 3551 1071 3613 tenere
1101 3548 1423 3630 judicium
1459 3548 1887 3631 eamdemque
1917 3549 2153 3612 habere
2181 3549 2425 3612 volun-

273 3661 466 3727 tatem
497 3664 564 3727 te
594 3664 780 3727 decet
808 3682 1284 3744 recognoscere.
1315 3687 1348 3724 »
1379 3664 1594 3745 (Epist.
1631 3674 1685 3741 1,
1722 3664 2049 3741 coustant,
2083 3681 2226 3744 pag.
2250 3664 2425 3741 739.)

344 3780 427 3841 Le
454 3779 692 3842 meme
723 3782 886 3858 Pape
915 3779 1224 3842 continua
1253 3779 1421 3841 ainsi
1451 3797 1555 3842 ces
1579 3778 1885 3859 pouvoirs
1917 3776 1995 3840 de
2021 3777 2214 3857 Legat
2237 3794 2423 3857 apos-

268 3890 505 3976 tolique
539 3898 580 3957 a
626 3894 874 3972 Ruqu,
899 3912 1275 3957 successeur
1295 3893 1642 3974 d’Anysius
1674 3912 1690 3955 ε

350 4030 385 4068 (ε
418 4009 767 4073 Divinitus
811 4027 965 4090 ergo
1003 4009 1142 4072 haec
1176 4026 1566 4090 procurrens
1593 4008 1800 4088 gratia
1840 4006 1933 4069 ita
1967 4006 2177 4087 longis
2220 4006 2425 4071 inter-

258 4124 444 4187 vallis
485 4122 974 4187 disterminatis
1017 4141 1055 4186 a
1101 4142 1207 4187 me
1244 4123 1525 4187 ecclesiis
1569 4121 1771 4185 discat
1814 4121 2321 4201 consulendum,
2353 4124 2426 4186 ut

256 4240 642 4318 prudentiae
687 4238 1113 4321 gravitatique
1148 4240 1278 4302 tuae
1306 4237 1840 4302 committendam
1871 4255 2136 4316 curam,
2160 4255 2422 4303 causas-

256 4370 417 4436 que,
439 4356 499 4419 si
519 4371 685 4437 quae
708 4353 1083 4417 exoriantur
1102 4371 1219 4434 per
1235 4354 1528 4432 Achaiae,
1552 4353 1928 4430 Thessaliae,
1948 4354 2124 4435 Epiri
2145 4355 2422 4429 Veteris,

250 4470 427 4549 Epiri
458 4475 717 4545 Novae,
746 4468 811 4531 et
837 4469 1065 4546 Cretae,
1093 4469 1298 4532 Daciae
1320 4468 1833 4548 Mediterraneae,
1864 4470 2067 4534 Daciae
2096 4468 2421 4550 RipensiS‚
