3038 5623
545 885 554 894 .
642 796 786 867 410
1324 800 1745 881 Qus-rulime
1798 818 2081 869 mmm.

638 959 1106 1045 apostoliques3
1149 979 1261 1027 car
1281 979 1367 1027 on
1396 978 1479 1027 ne
1501 962 1730 1026 trouve
1759 952 2011 1026 aucune
2048 962 2220 1026 traco
2249 961 2443 1027 d'une
2465 963 2765 1027 coutume

637 1076 975 1144 differente
1000 1079 1365 1143 anterieure
1385 1078 1424 1142 a
1448 1077 1728 1143 celle-la.

715 1195 887 1259 Cette
913 1194 1245 1277 discipline
1271 1196 1373 1260 fut
1396 1193 1687 1275 changee
1709 1210 1825 1276 par
1851 1194 1912 1257 le
1937 1193 2206 1258 sixieme
2230 1194 2472 1259 concile
2490 1193 2769 1259 (neume-

635 1308 837 1391 nique
879 1308 1225 1387 (troisieme
1265 1309 1344 1374 de
1371 1309 1941 1391 Constantinople),
1968 1310 2081 1391 qui
2126 1309 2392 1374 reduisit
2430 1309 2469 1373 a
2494 1328 2630 1374 une
2658 1309 2768 1373 fois

634 1424 765 1488 l'an
795 1423 1192 1506 l’obligation
1229 1423 1319 1487 du
1348 1423 1591 1506 synode
1618 1424 2011 1505 provincia13
2057 1427 2122 1489 et
2162 1443 2235 1489 ce
2272 1423 2487 1490 decret
2524 1423 2628 1488 fut
2668 1442 2765 1488 re·

637 1539 912 1604 nouvele
943 1558 1061 1621 par
1087 1539 1147 1604 le
1184 1539 1489 1622 septieme
1537 1539 1783 1606 concile
1828 1540 2280 1624 oecumenique
2311 1540 2667 1621 (deuxieme
2694 1539 2767 1603 de

636 1654 871 1733 Nicee)‚
897 1673 982 1720 en
1009 1673 1113 1719 ces
1133 1657 1375 1720 termes
1403 1674 1421 1719 z

719 1790 754 1830 «
785 1770 1101 1848 Quoniam
1144 1771 1414 1854 quidem
1460 1773 1689 1854 regula
1726 1773 1824 1837 est
1862 1787 2007 1855 quae
2034 1771 2190 1836 dicit
2217 1773 2316 1836 bis
2343 1772 2415 1836 in
2447 1789 2625 1836 anno
2660 1789 2770 1853 per

633 1906 665 1946 ιο
701 1886 991 1969 singulas
1018 1886 1377 1969 provincias
1405 1889 1695 1969 oportere
1743 1887 1886 1953 fieri
1920 1906 2032 1969 per
2076 1889 2472 1953 conventum
2510 1888 2769 1968 Episco-

632 2023 668 2063 »
703 2020 936 2085 porum
979 2002 1308 2086 regulares
1354 2003 1849 2086 inquisitiones3
1895 2005 2159 2087 propter
2191 2004 2664 2086 fatigationem,
2712 2004 2773 2066 et

633 2139 666 2177 n
701 2118 776 2181 ut
802 2120 1159 2200 opportune
1191 2118 1556 2184 habeantur
1590 2118 1671 2183 ad
1705 2119 1830 2183 iter
1870 2118 2197 2200 agendum
2239 2118 2309 2182 hi
2344 2118 2459 2200 qui
2495 2135 2764 2199 congre·

634 2255 665 2293 n
706 2233 902 2315 gandi
944 2236 1120 2313 sunt,
1153 2234 1551 2299 definierunt
1581 2236 1771 2300 sextae
1799 2234 2025 2317 synodi
2058 2234 2259 2298 sancti
2296 2235 2540 2313 PatreS,
2587 2234 2765 2298 omni

630 2374 660 2409 n
700 2351 1105 2415 excusatione
1135 2352 1406 2431 remota,
1428 2351 1738 2415 omnibus
1762 2350 1971 2415 modis
1993 2349 2196 2415 semel
2223 2350 2294 2413 in
2321 2367 2495 2413 anno
2516 2349 2686 2426 fleri,
2707 2350 2766 2413 et

631 2486 662 2524 »
700 2464 1047 2546 depravata
1073 2468 1335 2550 corrigi.
1367 2472 1554 2533 Hunc
1582 2485 1736 2549 ergo
1759 2484 2074 2531 canonem
2094 2468 2158 2531 et
2178 2481 2298 2530 nos
2321 2482 2715 2529 renovamus
2744 2483 2760 2527 ε

629 2600 662 2640 n
696 2584 762 2644 et
800 2580 853 2643 si
899 2581 1246 2665 quisquam
1285 2582 1583 2665 princeps
1625 2583 1933 2647 inventus
1970 2581 2170 2646 fuerit
2209 2580 2332 2645 hoc
2378 2553 2778 2662 prohibere,⁴

631 2716 664 2754 x>
700 2698 1164 2761 communione
1233 2697 1546 2779 privetur.
1602 2697 1667 2763 Si
1732 2697 1879 2780 quis
1928 2714 2081 2762 vero
2128 2696 2764 2777 Metropolitanorum

629 2834 658 2869 ι
695 2809 820 2876 hoc
854 2811 1210 2893 neglexerit
1244 2829 1435 2894 agere
1473 2813 1715 2896 absque
1746 2811 2117 2878 necessitate
2146 2813 2252 2876 vel
2291 2810 2357 2874 vi
2386 2829 2499 2876 seu
2550 2810 2760 2893 aliqua

629 2949 660 2987 n
697 2927 1068 2993 rationabili
1118 2928 1444 2994 occasione
1464 2975 1486 3006 ,
1543 2928 1868 2993 canonicis
1932 2928 2139 3010 poenis
2200 2927 2551 3008 subjaceat.
2599 2931 2757 2991 Dum

629 3064 665 3105 n
699 3046 922 3110 autem
951 3043 1235 3127 synodus
1279 3044 1498 3126 agitur
1535 3062 1731 3125 super
1767 3043 2092 3109 canonicis
2132 3045 2198 3108 et
2232 3043 2621 3126 evangelicis
2648 3060 2754 3107 ne-

629 3182 661 3220 »
700 3160 919 3241 gotiis,
969 3162 1219 3242 oportet
1262 3161 1683 3242 congregatos
1732 3160 2067 3242 Episcopos
2110 3160 2181 3224 in
2232 3160 2651 3224 meditatione
2700 3160 2758 3223 et

629 3294 663 3333 a
695 3275 1124 3340 sollicitudine
1170 3275 1315 3340 fieri
1365 3274 1937 3341 custodiendorum
1988 3274 2368 3340 divinorum
2424 3277 2491 3340 et
2547 3275 2754 3340 vivifi-

626 3410 658 3448 »
697 3407 923 3453 eorum
973 3391 1230 3455 Domini
1274 3390 1757 3455 mandatorum.
1800 3426 1882 3439 --
1921 3396 2117 3455 Porro
2161 3409 2295 3456 non
2349 3392 2586 3457 habeat
2626 3395 2751 3457 Me·-

623 3524 656 3563 s
693 3505 1118 3587 tropolitanus
1167 3506 1364 3571 aliam
1415 3508 1695 3588 speciem
1722 3506 2081 3588 expetendi.
2108 3506 2285 3584 Quod
2315 3508 2369 3571 si
2404 3508 2531 3572 hoc
2557 3508 2749 3590 egisse

623 3640 654 3678 n
693 3621 1024 3687 convictus
1086 3622 1285 3687 fuerit
1299 3669 1321 3702 ‚
1379 3623 1586 3688 solvat
1641 3623 2107 3706 quadruplum.
2163 3644 2193 3683 υ
2252 3623 2581 3701 (Distinet.
2655 3627 2745 3698 18,

620 3751 767 3801 ean.
804 3739 889 3815 7.)

704 3856 801 3917 Du
828 3855 1040 3935 temps
1075 3852 1154 3918 de
1194 3853 1541 3932 Justinien,
1584 3855 1679 3919 les
1715 3853 1837 3918 lois
1868 3854 2090 3919 civiles
2130 3855 2435 3921 venaieut
2455 3855 2495 3920 a
2524 3852 2745 3937 l’appui

621 3969 733 4034 des
762 3969 965 4033 saints
991 3986 1235 4034 canons
1239 4017 1259 4048 ,
1287 3971 1352 4032 et
1373 3971 1471 4034 cet
1492 3987 1837 4050 empereur
1858 3970 2238 4035 sanctionna
2257 3970 2654 4053 l'obligation
2673 3967 2743 4030 de

621 4101 686 4146 se
711 4081 939 4146 reunir
963 4103 1084 4148 une
1112 4103 1196 4149 ou
1220 4085 1385 4149 deux
1407 4085 1529 4167 sois
1560 4085 1710 4164 l’an,
1743 4084 1911 4150 ainsi
1939 4103 2065 4168 que
2086 4103 2253 4150 nous
2280 4086 2342 4151 le
2365 4086 2569 4150 lisons
2595 4085 2738 4148 dans

620 4199 716 4260 les
766 4199 1082 4278 Novelles,
1132 4200 1344 4266 collat.
1395 4218 1460 4265 11
1479 4248 1502 4280 ,
1549 4200 1697 4266 titre
1739 4208 1774 4264 6
1824 4199 1896 4265 de
1943 4201 2346 4266 sanctissimis
2392 4199 2731 4284 Episcopis,

620 4312 808 4394 chap.
838 4331 883 4377 x
914 4330 931 4374 ε

712 4451 742 4485 α
769 4429 854 4493 Ut
880 4429 1098 4494 autem
1123 4432 1337 4496 omnis
1364 4432 1822 4499 ecclesiasticus
1847 4433 2048 4497 status
2072 4434 2138 4499 et
2165 4449 2363 4499 sacrae
2386 4432 2619 4515 regulae
2638 4427 2726 4491 di·
