<?xml version="1.0" encoding="UTF-8"?>
<!DOCTYPE html PUBLIC "-//W3C//DTD XHTML 1.0 Transitional//EN"
    "http://www.w3.org/TR/xhtml1/DTD/xhtml1-transitional.dtd">
<html xmlns="http://www.w3.org/1999/xhtml" xml:lang="en" lang="en">
 <head>
  <title>
</title>
<meta http-equiv="Content-Type" content="text/html;charset=utf-8" />
  <meta name='ocr-system' content='tesseract 3.04.00' />
  <meta name='ocr-capabilities' content='ocr_page ocr_carea ocr_par ocr_line ocrx_word'/>
</head>
<body>
  <div class='ocr_page' id='page_1' title='image "./tractatusdeconc00bouigoog_0585.png"; bbox 0 0 3038 5623; ppageno 0'>
   <div class='ocr_carea' id='block_1_1' title="bbox 966 771 2279 842">
    <p class='ocr_par' dir='ltr' id='par_1_1' title="bbox 966 771 2279 842">
     <span class='ocr_line' id='line_1_1' title="bbox 966 771 2279 842; baseline -0.001 -1"><span class='ocrx_word' id='word_1_1' title='bbox 966 779 1457 842; x_wconf 63' lang='lat' dir='ltr'>cunnMomAL.</span> <span class='ocrx_word' id='word_1_2' title='bbox 2139 771 2279 840; x_wconf 78' lang='lat'>565</span> 
     </span>
    </p>
   </div>
   <div class='ocr_carea' id='block_1_2' title="bbox 139 932 2285 1823">
    <p class='ocr_par' dir='ltr' id='par_1_2' title="bbox 139 932 2285 1823">
     <span class='ocr_line' id='line_1_2' title="bbox 145 932 2280 1017; baseline 0.002 -25"><span class='ocrx_word' id='word_1_3' title='bbox 145 933 537 1010; x_wconf 72' lang='lat' dir='ltr'>praeparatus</span> <span class='ocrx_word' id='word_1_4' title='bbox 583 933 664 997; x_wconf 92' lang='lat' dir='ltr'>ad</span> <span class='ocrx_word' id='word_1_5' title='bbox 694 934 1181 998; x_wconf 85' lang='lat' dir='ltr'>infundendum</span> <span class='ocrx_word' id='word_1_6' title='bbox 1207 953 1444 1017; x_wconf 87' lang='lat' dir='ltr'>aquam</span> <span class='ocrx_word' id='word_1_7' title='bbox 1474 933 1821 997; x_wconf 90' lang='lat' dir='ltr'>ablutionis</span> <span class='ocrx_word' id='word_1_8' title='bbox 1847 932 2280 1013; x_wconf 83' lang='lat' dir='ltr'>corporalium</span> 
     </span>
     <span class='ocr_line' id='line_1_3' title="bbox 144 1044 2285 1132; baseline 0.002 -27"><span class='ocrx_word' id='word_1_9' title='bbox 144 1044 205 1105; x_wconf 88' lang='lat' dir='ltr'>et</span> <span class='ocrx_word' id='word_1_10' title='bbox 226 1061 530 1110; x_wconf 76' lang='lat' dir='ltr'>vasorum</span> <span class='ocrx_word' id='word_1_11' title='bbox 560 1066 890 1112; x_wconf 91' lang='lat' dir='ltr'>sacrorum</span> <span class='ocrx_word' id='word_1_12' title='bbox 920 1068 993 1113; x_wconf 91' lang='lat' dir='ltr'>ac</span> <span class='ocrx_word' id='word_1_13' title='bbox 1022 1068 1363 1127; x_wconf 90' lang='lat' dir='ltr'>manuum,</span> <span class='ocrx_word' id='word_1_14' title='bbox 1393 1050 1728 1132; x_wconf 76' lang='lat' dir='ltr'><strong>postquam</strong></span> <span class='ocrx_word' id='word_1_15' title='bbox 1755 1050 2049 1112; x_wconf 90' lang='lat' dir='ltr'>sanctum</span> <span class='ocrx_word' id='word_1_16' title='bbox 2077 1046 2285 1110; x_wconf 89' lang='lat' dir='ltr'>chris-</span> 
     </span>
     <span class='ocr_line' id='line_1_4' title="bbox 145 1161 2278 1236; baseline 0.002 -15"><span class='ocrx_word' id='word_1_17' title='bbox 145 1177 274 1236; x_wconf 88' lang='lat' dir='ltr'>ma,</span> <span class='ocrx_word' id='word_1_18' title='bbox 307 1163 421 1225; x_wconf 89' lang='lat' dir='ltr'>aut</span> <span class='ocrx_word' id='word_1_19' title='bbox 445 1164 663 1228; x_wconf 91' lang='lat' dir='ltr'>oleum</span> <span class='ocrx_word' id='word_1_20' title='bbox 690 1164 1308 1229; x_wconf 83' lang='lat' dir='ltr'>cathecumenorum</span> <span class='ocrx_word' id='word_1_21' title='bbox 1338 1165 1439 1228; x_wconf 77' lang='lat' dir='ltr'>vel</span> <span class='ocrx_word' id='word_1_22' title='bbox 1466 1164 1884 1227; x_wconf 86' lang='lat' dir='ltr'>infirmorum</span> <span class='ocrx_word' id='word_1_23' title='bbox 1904 1161 2278 1226; x_wconf 83' lang='lat' dir='ltr'>tractaveri-</span> 
     </span>
     <span class='ocr_line' id='line_1_5' title="bbox 143 1275 2277 1364; baseline 0.001 -26"><span class='ocrx_word' id='word_1_24' title='bbox 143 1275 223 1339; x_wconf 89' lang='lat' dir='ltr'>tis</span> <span class='ocrx_word' id='word_1_25' title='bbox 234 1301 253 1355; x_wconf 85' lang='lat'>3</span> <span class='ocrx_word' id='word_1_26' title='bbox 290 1277 506 1360; x_wconf 83' lang='lat' dir='ltr'>ibique</span> <span class='ocrx_word' id='word_1_27' title='bbox 536 1280 813 1360; x_wconf 81' lang='lat' dir='ltr'>pendeat</span> <span class='ocrx_word' id='word_1_28' title='bbox 841 1298 954 1344; x_wconf 81' lang='lat' dir='ltr'>vas</span> <span class='ocrx_word' id='word_1_29' title='bbox 989 1299 1142 1344; x_wconf 90' lang='lat' dir='ltr'>cum</span> <span class='ocrx_word' id='word_1_30' title='bbox 1180 1299 1349 1364; x_wconf 87' lang='lat' dir='ltr'>aqua</span> <span class='ocrx_word' id='word_1_31' title='bbox 1378 1279 1628 1344; x_wconf 91' lang='lat' dir='ltr'>munda</span> <span class='ocrx_word' id='word_1_32' title='bbox 1657 1298 1774 1360; x_wconf 88' lang='lat' dir='ltr'>pro</span> <span class='ocrx_word' id='word_1_33' title='bbox 1815 1277 2105 1342; x_wconf 81' lang='lat' dir='ltr'>lavandis</span> <span class='ocrx_word' id='word_1_34' title='bbox 2135 1295 2277 1341; x_wconf 90' lang='lat' dir='ltr'>ma-</span> 
     </span>
     <span class='ocr_line' id='line_1_6' title="bbox 143 1391 2277 1478; baseline 0 -25"><span class='ocrx_word' id='word_1_35' title='bbox 143 1391 337 1456; x_wconf 90' lang='lat' dir='ltr'>nibus</span> <span class='ocrx_word' id='word_1_36' title='bbox 374 1395 770 1460; x_wconf 87' lang='lat' dir='ltr'>sacerdotum</span> <span class='ocrx_word' id='word_1_37' title='bbox 789 1445 810 1475; x_wconf 95' lang='lat'>,</span> <span class='ocrx_word' id='word_1_38' title='bbox 837 1397 903 1460; x_wconf 91' lang='lat' dir='ltr'>et</span> <span class='ocrx_word' id='word_1_39' title='bbox 938 1396 1214 1460; x_wconf 90' lang='lat' dir='ltr'>aliorum</span> <span class='ocrx_word' id='word_1_40' title='bbox 1244 1395 1356 1478; x_wconf 90' lang='lat' dir='ltr'>qui</span> <span class='ocrx_word' id='word_1_41' title='bbox 1395 1413 1535 1459; x_wconf 90' lang='lat' dir='ltr'>rem</span> <span class='ocrx_word' id='word_1_42' title='bbox 1579 1395 1871 1457; x_wconf 83' lang='lat' dir='ltr'>sanctam</span> <span class='ocrx_word' id='word_1_43' title='bbox 1899 1396 1964 1457; x_wconf 91' lang='lat' dir='ltr'>et</span> <span class='ocrx_word' id='word_1_44' title='bbox 1984 1392 2277 1455; x_wconf 79' lang='lat' dir='ltr'>officium</span> 
     </span>
     <span class='ocr_line' id='line_1_7' title="bbox 142 1506 2279 1592; baseline 0 -24"><span class='ocrx_word' id='word_1_45' title='bbox 142 1506 436 1571; x_wconf 80' lang='lat' dir='ltr'>divinum</span> <span class='ocrx_word' id='word_1_46' title='bbox 465 1511 618 1572; x_wconf 89' lang='lat' dir='ltr'>sunt</span> <span class='ocrx_word' id='word_1_47' title='bbox 648 1512 995 1592; x_wconf 87' lang='lat' dir='ltr'>peracturi,</span> <span class='ocrx_word' id='word_1_48' title='bbox 1030 1513 1092 1575; x_wconf 91' lang='lat' dir='ltr'>et</span> <span class='ocrx_word' id='word_1_49' title='bbox 1110 1528 1337 1592; x_wconf 83' lang='lat' dir='ltr'>prope,</span> <span class='ocrx_word' id='word_1_50' title='bbox 1366 1510 1645 1574; x_wconf 90' lang='lat' dir='ltr'>linteum</span> <span class='ocrx_word' id='word_1_51' title='bbox 1676 1508 2003 1572; x_wconf 90' lang='lat' dir='ltr'>mundum</span> <span class='ocrx_word' id='word_1_52' title='bbox 2031 1506 2113 1570; x_wconf 91' lang='lat' dir='ltr'>ad</span> <span class='ocrx_word' id='word_1_53' title='bbox 2135 1506 2279 1570; x_wconf 86' lang='lat' dir='ltr'>illas</span> 
     </span>
     <span class='ocr_line' id='line_1_8' title="bbox 139 1623 2279 1705; baseline 0.001 -21"><span class='ocrx_word' id='word_1_54' title='bbox 139 1623 659 1705; x_wconf 88' lang='lat' dir='ltr'>abstergendum.</span> <span class='ocrx_word' id='word_1_55' title='bbox 695 1627 875 1691; x_wconf 90' lang='lat' dir='ltr'>Atria</span> <span class='ocrx_word' id='word_1_56' title='bbox 907 1627 1186 1691; x_wconf 85' lang='lat' dir='ltr'>ecclesiae</span> <span class='ocrx_word' id='word_1_57' title='bbox 1216 1626 1347 1690; x_wconf 88' lang='lat' dir='ltr'>sint</span> <span class='ocrx_word' id='word_1_58' title='bbox 1374 1627 1536 1690; x_wconf 92' lang='lat' dir='ltr'>bene</span> <span class='ocrx_word' id='word_1_59' title='bbox 1567 1626 1846 1689; x_wconf 87' lang='lat' dir='ltr'>munita.</span> <span class='ocrx_word' id='word_1_60' title='bbox 1873 1624 2102 1688; x_wconf 92' lang='lat' dir='ltr'>Nullus</span> <span class='ocrx_word' id='word_1_61' title='bbox 2138 1623 2279 1686; x_wconf 91' lang='lat' dir='ltr'>sine</span> 
     </span>
     <span class='ocr_line' id='line_1_9' title="bbox 140 1737 2278 1823; baseline 0.001 -23"><span class='ocrx_word' id='word_1_62' title='bbox 140 1737 304 1800; x_wconf 90' lang='lat' dir='ltr'>scitu</span> <span class='ocrx_word' id='word_1_63' title='bbox 328 1740 390 1802; x_wconf 88' lang='lat' dir='ltr'>et</span> <span class='ocrx_word' id='word_1_64' title='bbox 403 1757 725 1804; x_wconf 91' lang='lat' dir='ltr'>consensu</span> <span class='ocrx_word' id='word_1_65' title='bbox 752 1744 973 1805; x_wconf 85' lang='lat' dir='ltr'>nostro</span> <span class='ocrx_word' id='word_1_66' title='bbox 1004 1761 1118 1823; x_wconf 90' lang='lat' dir='ltr'>per</span> <span class='ocrx_word' id='word_1_67' title='bbox 1136 1743 1516 1822; x_wconf 88' lang='lat' dir='ltr'>potestatem</span> <span class='ocrx_word' id='word_1_68' title='bbox 1543 1743 1916 1805; x_wconf 83' lang='lat' dir='ltr'>saecularem</span> <span class='ocrx_word' id='word_1_69' title='bbox 1943 1739 2278 1804; x_wconf 86' lang='lat' dir='ltr'>ecclesiam</span> 
     </span>
    </p>
   </div>
   <div class='ocr_carea' id='block_1_3' title="bbox 138 1854 2385 1940">
    <p class='ocr_par' dir='ltr' id='par_1_3' title="bbox 138 1854 2385 1940">
     <span class='ocr_line' id='line_1_10' title="bbox 138 1854 2385 1940; baseline -0.001 -22"><span class='ocrx_word' id='word_1_70' title='bbox 138 1854 442 1918; x_wconf 88' lang='lat' dir='ltr'>obtineat.</span> <span class='ocrx_word' id='word_1_71' title='bbox 477 1857 701 1919; x_wconf 88' lang='lat' dir='ltr'>Nullus</span> <span class='ocrx_word' id='word_1_72' title='bbox 731 1858 1068 1922; x_wconf 87' lang='lat' dir='ltr'>ecclesiam</span> <span class='ocrx_word' id='word_1_73' title='bbox 1105 1857 1185 1921; x_wconf 91' lang='lat' dir='ltr'>ad</span> <span class='ocrx_word' id='word_1_74' title='bbox 1214 1876 1416 1940; x_wconf 90' lang='lat' dir='ltr'>quam</span> <span class='ocrx_word' id='word_1_75' title='bbox 1437 1857 1801 1920; x_wconf 87' lang='lat' dir='ltr'>intitulatus</span> <span class='ocrx_word' id='word_1_76' title='bbox 1820 1857 1946 1934; x_wconf 91' lang='lat' dir='ltr'>est,</span> <span class='ocrx_word' id='word_1_77' title='bbox 1971 1854 2273 1932; x_wconf 84' lang='lat' dir='ltr'>dimittat,</span> <span class='ocrx_word' id='word_1_78' title='bbox 2379 1933 2385 1938; x_wconf 24' lang='grc' dir='ltr'><em>Π</em></span> 
     </span>
    </p>
   </div>
   <div class='ocr_carea' id='block_1_4' title="bbox 59 1969 2280 4610">
    <p class='ocr_par' dir='ltr' id='par_1_4' title="bbox 117 1969 2280 3326">
     <span class='ocr_line' id='line_1_11' title="bbox 138 1969 2280 2054; baseline 0 -22"><span class='ocrx_word' id='word_1_79' title='bbox 138 1969 201 2032; x_wconf 89' lang='lat' dir='ltr'>et</span> <span class='ocrx_word' id='word_1_80' title='bbox 228 1969 308 2033; x_wconf 89' lang='lat' dir='ltr'>ad</span> <span class='ocrx_word' id='word_1_81' title='bbox 336 1971 531 2034; x_wconf 89' lang='lat' dir='ltr'>aliam</span> <span class='ocrx_word' id='word_1_82' title='bbox 562 1974 845 2054; x_wconf 82' lang='lat' dir='ltr'>quaestus</span> <span class='ocrx_word' id='word_1_83' title='bbox 873 1973 1080 2054; x_wconf 86' lang='lat' dir='ltr'>gratia</span> <span class='ocrx_word' id='word_1_84' title='bbox 1108 1992 1175 2037; x_wconf 92' lang='lat' dir='ltr'>se</span> <span class='ocrx_word' id='word_1_85' title='bbox 1203 1974 1571 2037; x_wconf 86' lang='lat' dir='ltr'>transferat.</span> <span class='ocrx_word' id='word_1_86' title='bbox 1600 1972 1824 2037; x_wconf 90' lang='lat' dir='ltr'>Nullus</span> <span class='ocrx_word' id='word_1_87' title='bbox 1847 1973 2060 2052; x_wconf 87' lang='lat' dir='ltr'>plures</span> <span class='ocrx_word' id='word_1_88' title='bbox 2083 1969 2280 2034; x_wconf 47' lang='lat' dir='ltr'>eccless</span> 
     </span>
     <span class='ocr_line' id='line_1_12' title="bbox 140 2085 2275 2170; baseline 0 -22"><span class='ocrx_word' id='word_1_89' title='bbox 140 2085 265 2148; x_wconf 91' lang='lat' dir='ltr'>sias</span> <span class='ocrx_word' id='word_1_90' title='bbox 284 2085 422 2149; x_wconf 91' lang='lat' dir='ltr'>sine</span> <span class='ocrx_word' id='word_1_91' title='bbox 446 2087 635 2151; x_wconf 90' lang='lat' dir='ltr'>titulo</span> <span class='ocrx_word' id='word_1_92' title='bbox 648 2089 713 2152; x_wconf 90' lang='lat' dir='ltr'>et</span> <span class='ocrx_word' id='word_1_93' title='bbox 724 2091 948 2152; x_wconf 87' lang='lat' dir='ltr'>contra</span> <span class='ocrx_word' id='word_1_94' title='bbox 962 2108 1295 2153; x_wconf 88' lang='lat' dir='ltr'>sacrorum</span> <span class='ocrx_word' id='word_1_95' title='bbox 1310 2106 1636 2152; x_wconf 90' lang='lat' dir='ltr'>canonum</span> <span class='ocrx_word' id='word_1_96' title='bbox 1657 2087 2098 2170; x_wconf 90' lang='lat' dir='ltr'>dispositiones</span> <span class='ocrx_word' id='word_1_97' title='bbox 2111 2103 2275 2149; x_wconf 89' lang='lat' dir='ltr'>nan·</span> 
     </span>
     <span class='ocr_line' id='line_1_13' title="bbox 137 2201 2274 2284; baseline -0 -19"><span class='ocrx_word' id='word_1_98' title='bbox 137 2201 285 2266; x_wconf 88' lang='lat' dir='ltr'>cisci</span> <span class='ocrx_word' id='word_1_99' title='bbox 317 2205 688 2283; x_wconf 73' lang='lat' dir='ltr'>praesumat.</span> <span class='ocrx_word' id='word_1_100' title='bbox 725 2205 1106 2269; x_wconf 90' lang='lat' dir='ltr'>Nullatenus</span> <span class='ocrx_word' id='word_1_101' title='bbox 1134 2206 1325 2269; x_wconf 85' lang='lat' dir='ltr'>etiam</span> <span class='ocrx_word' id='word_1_102' title='bbox 1366 2223 1500 2268; x_wconf 90' lang='lat' dir='ltr'>una</span> <span class='ocrx_word' id='word_1_103' title='bbox 1533 2204 1809 2268; x_wconf 88' lang='lat' dir='ltr'>Ecclesia</span> <span class='ocrx_word' id='word_1_104' title='bbox 1855 2203 2026 2266; x_wconf 87' lang='lat' dir='ltr'>inter</span> <span class='ocrx_word' id='word_1_105' title='bbox 2057 2203 2274 2284; x_wconf 89' lang='lat' dir='ltr'>plures</span> 
     </span>
     <span class='ocr_line' id='line_1_14' title="bbox 135 2317 2276 2384; baseline 0 -4"><span class='ocrx_word' id='word_1_106' title='bbox 135 2317 483 2382; x_wconf 81' lang='lat' dir='ltr'>dividatur.</span> <span class='ocrx_word' id='word_1_107' title='bbox 536 2321 763 2384; x_wconf 92' lang='lat' dir='ltr'>Nullus</span> <span class='ocrx_word' id='word_1_108' title='bbox 802 2321 980 2384; x_wconf 79' lang='lat' dir='ltr'>extra</span> <span class='ocrx_word' id='word_1_109' title='bbox 1016 2321 1351 2384; x_wconf 90' lang='lat' dir='ltr'>ecclesiam</span> <span class='ocrx_word' id='word_1_110' title='bbox 1389 2320 1459 2384; x_wconf 91' lang='lat' dir='ltr'>in</span> <span class='ocrx_word' id='word_1_111' title='bbox 1501 2320 1660 2383; x_wconf 91' lang='lat' dir='ltr'>locis</span> <span class='ocrx_word' id='word_1_112' title='bbox 1709 2338 1838 2382; x_wconf 92' lang='lat' dir='ltr'>non</span> <span class='ocrx_word' id='word_1_113' title='bbox 1892 2317 2276 2382; x_wconf 87' lang='lat' dir='ltr'>consecratis</span> 
     </span>
     <span class='ocr_line' id='line_1_15' title="bbox 132 2433 2275 2518; baseline -0 -21"><span class='ocrx_word' id='word_1_114' title='bbox 132 2433 434 2498; x_wconf 89' lang='lat' dir='ltr'>celebret.</span> <span class='ocrx_word' id='word_1_115' title='bbox 477 2435 707 2499; x_wconf 89' lang='lat' dir='ltr'>Nullus</span> <span class='ocrx_word' id='word_1_116' title='bbox 733 2436 999 2500; x_wconf 90' lang='lat' dir='ltr'>alterius</span> <span class='ocrx_word' id='word_1_117' title='bbox 1025 2436 1531 2518; x_wconf 81' lang='lat' dir='ltr'>parochianum,</span> <span class='ocrx_word' id='word_1_118' title='bbox 1566 2435 1693 2499; x_wconf 90' lang='lat' dir='ltr'>nisi</span> <span class='ocrx_word' id='word_1_119' title='bbox 1726 2434 2166 2511; x_wconf 83' lang='lat' dir='ltr'>itinerantem,</span> <span class='ocrx_word' id='word_1_120' title='bbox 2210 2435 2275 2497; x_wconf 92' lang='lat' dir='ltr'>et</span> 
     </span>
     <span class='ocr_line' id='line_1_16' title="bbox 130 2549 2279 2633; baseline 0.001 -22"><span class='ocrx_word' id='word_1_121' title='bbox 130 2549 293 2613; x_wconf 86' lang='lat' dir='ltr'>tunc</span> <span class='ocrx_word' id='word_1_122' title='bbox 309 2549 388 2614; x_wconf 93' lang='lat' dir='ltr'>de</span> <span class='ocrx_word' id='word_1_123' title='bbox 406 2552 668 2615; x_wconf 90' lang='lat' dir='ltr'>rectoris</span> <span class='ocrx_word' id='word_1_124' title='bbox 684 2553 784 2615; x_wconf 90' lang='lat' dir='ltr'>sui</span> <span class='ocrx_word' id='word_1_125' title='bbox 799 2552 1081 2632; x_wconf 89' lang='lat' dir='ltr'>licentia,</span> <span class='ocrx_word' id='word_1_126' title='bbox 1100 2552 1180 2616; x_wconf 95' lang='lat' dir='ltr'>ad</span> <span class='ocrx_word' id='word_1_127' title='bbox 1196 2553 1724 2617; x_wconf 89' lang='lat' dir='ltr'>communionem</span> <span class='ocrx_word' id='word_1_128' title='bbox 1745 2552 2028 2633; x_wconf 89' lang='lat' dir='ltr'>recipiat.</span> <span class='ocrx_word' id='word_1_129' title='bbox 2047 2550 2279 2614; x_wconf 87' lang='lat' dir='ltr'>Nullus</span> 
     </span>
     <span class='ocr_line' id='line_1_17' title="bbox 131 2665 2276 2750; baseline 0.001 -23"><span class='ocrx_word' id='word_1_130' title='bbox 131 2665 205 2728; x_wconf 93' lang='lat' dir='ltr'>in</span> <span class='ocrx_word' id='word_1_131' title='bbox 225 2666 494 2730; x_wconf 86' lang='lat' dir='ltr'>alterius</span> <span class='ocrx_word' id='word_1_132' title='bbox 510 2667 816 2748; x_wconf 87' lang='lat' dir='ltr'>parochia</span> <span class='ocrx_word' id='word_1_133' title='bbox 840 2669 1078 2750; x_wconf 89' lang='lat' dir='ltr'>absque</span> <span class='ocrx_word' id='word_1_134' title='bbox 1102 2667 1339 2749; x_wconf 89' lang='lat' dir='ltr'>proprii</span> <span class='ocrx_word' id='word_1_135' title='bbox 1364 2667 1706 2732; x_wconf 89' lang='lat' dir='ltr'>sacerdotis</span> <span class='ocrx_word' id='word_1_136' title='bbox 1725 2667 1980 2731; x_wconf 89' lang='lat' dir='ltr'>licentia</span> <span class='ocrx_word' id='word_1_137' title='bbox 2008 2667 2276 2730; x_wconf 89' lang='lat' dir='ltr'>missam</span> 
     </span>
     <span class='ocr_line' id='line_1_18' title="bbox 126 2782 2277 2868; baseline 0 -23"><span class='ocrx_word' id='word_1_138' title='bbox 126 2782 432 2846; x_wconf 91' lang='lat' dir='ltr'>celebret.</span> <span class='ocrx_word' id='word_1_139' title='bbox 465 2788 539 2847; x_wconf 91' lang='lat' dir='ltr'>In</span> <span class='ocrx_word' id='word_1_140' title='bbox 565 2784 1013 2859; x_wconf 89' lang='lat' dir='ltr'>celebratione,</span> <span class='ocrx_word' id='word_1_141' title='bbox 1042 2784 1317 2868; x_wconf 89' lang='lat' dir='ltr'>quisque</span> <span class='ocrx_word' id='word_1_142' title='bbox 1357 2784 1623 2849; x_wconf 87' lang='lat' dir='ltr'>calicem</span> <span class='ocrx_word' id='word_1_143' title='bbox 1661 2784 1727 2849; x_wconf 88' lang='lat' dir='ltr'>et</span> <span class='ocrx_word' id='word_1_144' title='bbox 1751 2785 1965 2848; x_wconf 89' lang='lat' dir='ltr'>oblata</span> <span class='ocrx_word' id='word_1_145' title='bbox 1997 2800 2128 2846; x_wconf 93' lang='lat' dir='ltr'>non</span> <span class='ocrx_word' id='word_1_146' title='bbox 2151 2782 2277 2847; x_wconf 87' lang='lat' dir='ltr'>cir-</span> 
     </span>
     <span class='ocr_line' id='line_1_19' title="bbox 124 2897 2265 2983; baseline 0 -23"><span class='ocrx_word' id='word_1_147' title='bbox 124 2897 278 2961; x_wconf 89' lang='lat' dir='ltr'>culo</span> <span class='ocrx_word' id='word_1_148' title='bbox 301 2899 416 2962; x_wconf 88' lang='lat' dir='ltr'>aut</span> <span class='ocrx_word' id='word_1_149' title='bbox 438 2899 790 2981; x_wconf 80' lang='lat' dir='ltr'>digitorum</span> <span class='ocrx_word' id='word_1_150' title='bbox 812 2899 1243 2979; x_wconf 86' lang='lat' dir='ltr'>vacillatione,</span> <span class='ocrx_word' id='word_1_151' title='bbox 1265 2902 1342 2963; x_wconf 91' lang='lat' dir='ltr'>ut</span> <span class='ocrx_word' id='word_1_152' title='bbox 1363 2900 1630 2983; x_wconf 92' lang='lat' dir='ltr'>quidam</span> <span class='ocrx_word' id='word_1_153' title='bbox 1654 2900 1926 2977; x_wconf 86' lang='lat' dir='ltr'>faciunt,</span> <span class='ocrx_word' id='word_1_154' title='bbox 1944 2898 2051 2962; x_wconf 89' lang='lat' dir='ltr'>sed</span> <span class='ocrx_word' id='word_1_155' title='bbox 2072 2901 2265 2979; x_wconf 89' lang='lat' dir='ltr'>junc-</span> 
     </span>
     <span class='ocr_line' id='line_1_20' title="bbox 120 3013 2272 3098; baseline -0 -22"><span class='ocrx_word' id='word_1_156' title='bbox 120 3013 213 3077; x_wconf 88' lang='lat' dir='ltr'>tis</span> <span class='ocrx_word' id='word_1_157' title='bbox 239 3014 305 3076; x_wconf 90' lang='lat' dir='ltr'>et</span> <span class='ocrx_word' id='word_1_158' title='bbox 333 3014 607 3077; x_wconf 83' lang='lat' dir='ltr'>extensis</span> <span class='ocrx_word' id='word_1_159' title='bbox 635 3014 851 3097; x_wconf 84' lang='lat' dir='ltr'>digitis</span> <span class='ocrx_word' id='word_1_160' title='bbox 877 3033 1068 3080; x_wconf 90' lang='lat' dir='ltr'>cruce</span> <span class='ocrx_word' id='word_1_161' title='bbox 1097 3015 1328 3096; x_wconf 88' lang='lat' dir='ltr'>signet,</span> <span class='ocrx_word' id='word_1_162' title='bbox 1362 3015 1581 3098; x_wconf 87' lang='lat' dir='ltr'>sicque</span> <span class='ocrx_word' id='word_1_163' title='bbox 1604 3014 1961 3078; x_wconf 83' lang='lat' dir='ltr'>benedicat.</span> <span class='ocrx_word' id='word_1_164' title='bbox 2003 3014 2172 3078; x_wconf 86' lang='lat' dir='ltr'>Calix</span> <span class='ocrx_word' id='word_1_165' title='bbox 2205 3014 2272 3077; x_wconf 88' lang='lat' dir='ltr'>et</span> 
     </span>
     <span class='ocr_line' id='line_1_21' title="bbox 119 3128 2274 3212; baseline -0 -20"><span class='ocrx_word' id='word_1_166' title='bbox 119 3129 362 3210; x_wconf 84' lang='lat' dir='ltr'>patena</span> <span class='ocrx_word' id='word_1_167' title='bbox 404 3129 534 3192; x_wconf 86' lang='lat' dir='ltr'>sint</span> <span class='ocrx_word' id='word_1_168' title='bbox 556 3130 762 3208; x_wconf 91' lang='lat' dir='ltr'>aurei,</span> <span class='ocrx_word' id='word_1_169' title='bbox 790 3131 894 3193; x_wconf 82' lang='lat' dir='ltr'>vel</span> <span class='ocrx_word' id='word_1_170' title='bbox 927 3130 1202 3212; x_wconf 85' lang='lat' dir='ltr'>argenti,</span> <span class='ocrx_word' id='word_1_171' title='bbox 1233 3146 1367 3192; x_wconf 94' lang='lat' dir='ltr'>non</span> <span class='ocrx_word' id='word_1_172' title='bbox 1396 3129 1573 3208; x_wconf 85' lang='lat' dir='ltr'>aerei,</span> <span class='ocrx_word' id='word_1_173' title='bbox 1599 3131 1712 3193; x_wconf 90' lang='lat' dir='ltr'>aut</span> <span class='ocrx_word' id='word_1_174' title='bbox 1741 3128 2155 3207; x_wconf 83' lang='lat' dir='ltr'>aurichalcei,</span> <span class='ocrx_word' id='word_1_175' title='bbox 2179 3129 2274 3192; x_wconf 75' lang='lat' dir='ltr'>vi-</span> 
     </span>
     <span class='ocr_line' id='line_1_22' title="bbox 117 3244 653 3326; baseline 0.002 -18"><span class='ocrx_word' id='word_1_176' title='bbox 117 3244 275 3321; x_wconf 85' lang='lat' dir='ltr'>trei,</span> <span class='ocrx_word' id='word_1_177' title='bbox 309 3245 412 3308; x_wconf 85' lang='lat' dir='ltr'>vel</span> <span class='ocrx_word' id='word_1_178' title='bbox 432 3245 653 3326; x_wconf 87' lang='lat' dir='ltr'>lignei.</span> 
     </span>
    </p>

    <p class='ocr_par' dir='ltr' id='par_1_5' title="bbox 69 3359 2268 4365">
     <span class='ocr_line' id='line_1_23' title="bbox 207 3359 2267 3443; baseline 0.001 -21"><span class='ocrx_word' id='word_1_179' title='bbox 207 3359 495 3442; x_wconf 84' lang='lat' dir='ltr'>Quisque</span> <span class='ocrx_word' id='word_1_180' title='bbox 530 3362 861 3443; x_wconf 78' lang='lat' dir='ltr'>presbyter</span> <span class='ocrx_word' id='word_1_181' title='bbox 898 3361 1209 3425; x_wconf 90' lang='lat' dir='ltr'>clericum</span> <span class='ocrx_word' id='word_1_182' title='bbox 1251 3361 1512 3441; x_wconf 87' lang='lat' dir='ltr'>habeat,</span> <span class='ocrx_word' id='word_1_183' title='bbox 1566 3362 1670 3425; x_wconf 80' lang='lat' dir='ltr'>vel</span> <span class='ocrx_word' id='word_1_184' title='bbox 1718 3360 2105 3440; x_wconf 88' lang='lat' dir='ltr'>scholarem,</span> <span class='ocrx_word' id='word_1_185' title='bbox 2151 3361 2267 3443; x_wconf 91' lang='lat' dir='ltr'>qui</span> 
     </span>
     <span class='ocr_line' id='line_1_24' title="bbox 104 3476 2265 3558; baseline -0 -18"><span class='ocrx_word' id='word_1_186' title='bbox 104 3493 281 3540; x_wconf 85' lang='lat' dir='ltr'>cum</span> <span class='ocrx_word' id='word_1_187' title='bbox 325 3493 400 3539; x_wconf 91' lang='lat' dir='ltr'>eo</span> <span class='ocrx_word' id='word_1_188' title='bbox 427 3476 709 3556; x_wconf 90' lang='lat' dir='ltr'>psalmos</span> <span class='ocrx_word' id='word_1_189' title='bbox 746 3478 983 3556; x_wconf 85' lang='lat' dir='ltr'>cantet,</span> <span class='ocrx_word' id='word_1_190' title='bbox 1014 3477 1345 3558; x_wconf 90' lang='lat' dir='ltr'>epistolam</span> <span class='ocrx_word' id='word_1_191' title='bbox 1383 3479 1446 3540; x_wconf 93' lang='lat' dir='ltr'>et</span> <span class='ocrx_word' id='word_1_192' title='bbox 1485 3477 1827 3540; x_wconf 88' lang='lat' dir='ltr'>lectionem</span> <span class='ocrx_word' id='word_1_193' title='bbox 1863 3478 2056 3558; x_wconf 88' lang='lat' dir='ltr'>legat,</span> <span class='ocrx_word' id='word_1_194' title='bbox 2094 3478 2158 3541; x_wconf 88' lang='lat' dir='ltr'>et</span> <span class='ocrx_word' id='word_1_195' title='bbox 2193 3476 2265 3540; x_wconf 89' lang='lat' dir='ltr'>in</span> 
     </span>
     <span class='ocr_line' id='line_1_25' title="bbox 106 3591 2268 3675; baseline 0 -21"><span class='ocrx_word' id='word_1_196' title='bbox 106 3591 328 3654; x_wconf 90' lang='lat' dir='ltr'>missa</span> <span class='ocrx_word' id='word_1_197' title='bbox 358 3591 757 3672; x_wconf 86' lang='lat' dir='ltr'>respondeat.</span> <span class='ocrx_word' id='word_1_198' title='bbox 781 3596 805 3654; x_wconf 88' lang='lat'>1</span> <span class='ocrx_word' id='word_1_199' title='bbox 813 3610 916 3673; x_wconf 89' lang='lat' dir='ltr'>pse</span> <span class='ocrx_word' id='word_1_200' title='bbox 952 3610 1210 3675; x_wconf 89' lang='lat' dir='ltr'>quoque</span> <span class='ocrx_word' id='word_1_201' title='bbox 1252 3593 1584 3674; x_wconf 79' lang='lat' dir='ltr'>presbyter</span> <span class='ocrx_word' id='word_1_202' title='bbox 1613 3592 1909 3656; x_wconf 86' lang='lat' dir='ltr'>infirmos</span> <span class='ocrx_word' id='word_1_203' title='bbox 1937 3592 2173 3670; x_wconf 79' lang='lat' dir='ltr'>visitet,</span> <span class='ocrx_word' id='word_1_204' title='bbox 2201 3594 2268 3656; x_wconf 91' lang='lat' dir='ltr'>et</span> 
     </span>
     <span class='ocr_line' id='line_1_26' title="bbox 98 3706 2264 3788; baseline 0.001 -19"><span class='ocrx_word' id='word_1_205' title='bbox 98 3706 519 3784; x_wconf 84' lang='lat' dir='ltr'>reconciliet,</span> <span class='ocrx_word' id='word_1_206' title='bbox 568 3709 633 3770; x_wconf 91' lang='lat' dir='ltr'>et</span> <span class='ocrx_word' id='word_1_207' title='bbox 665 3707 851 3787; x_wconf 84' lang='lat' dir='ltr'>juxta</span> <span class='ocrx_word' id='word_1_208' title='bbox 893 3707 1251 3787; x_wconf 88' lang='lat' dir='ltr'>apostolum</span> <span class='ocrx_word' id='word_1_209' title='bbox 1284 3708 1541 3788; x_wconf 89' lang='lat' dir='ltr'>propria</span> <span class='ocrx_word' id='word_1_210' title='bbox 1574 3725 1778 3772; x_wconf 86' lang='lat' dir='ltr'>manu</span> <span class='ocrx_word' id='word_1_211' title='bbox 1802 3707 2264 3783; x_wconf 89' lang='lat' dir='ltr'>communicet,</span> 
     </span>
     <span class='ocr_line' id='line_1_27' title="bbox 92 3821 2265 3904; baseline -0 -18"><span class='ocrx_word' id='word_1_212' title='bbox 92 3822 268 3886; x_wconf 89' lang='lat' dir='ltr'>oleo</span> <span class='ocrx_word' id='word_1_213' title='bbox 304 3823 526 3884; x_wconf 89' lang='lat' dir='ltr'>sancto</span> <span class='ocrx_word' id='word_1_214' title='bbox 567 3821 867 3902; x_wconf 90' lang='lat' dir='ltr'>inungat.</span> <span class='ocrx_word' id='word_1_215' title='bbox 908 3822 1140 3885; x_wconf 86' lang='lat' dir='ltr'>Nullus</span> <span class='ocrx_word' id='word_1_216' title='bbox 1180 3823 1530 3904; x_wconf 65' lang='lat' dir='ltr'>praesumat</span> <span class='ocrx_word' id='word_1_217' title='bbox 1572 3822 1821 3886; x_wconf 86' lang='lat' dir='ltr'>tradere</span> <span class='ocrx_word' id='word_1_218' title='bbox 1860 3822 2265 3886; x_wconf 90' lang='lat' dir='ltr'>communio·</span> 
     </span>
     <span class='ocr_line' id='line_1_28' title="bbox 89 3935 2265 4019; baseline -0 -18"><span class='ocrx_word' id='word_1_219' title='bbox 89 3954 281 4001; x_wconf 83' lang='lat' dir='ltr'>nem</span> <span class='ocrx_word' id='word_1_220' title='bbox 313 3935 476 3998; x_wconf 91' lang='lat' dir='ltr'>laico</span> <span class='ocrx_word' id='word_1_221' title='bbox 520 3938 635 3999; x_wconf 87' lang='lat' dir='ltr'>aut</span> <span class='ocrx_word' id='word_1_222' title='bbox 668 3936 953 4000; x_wconf 85' lang='lat' dir='ltr'>foeminae</span> <span class='ocrx_word' id='word_1_223' title='bbox 990 3937 1070 4001; x_wconf 90' lang='lat' dir='ltr'>ad</span> <span class='ocrx_word' id='word_1_224' title='bbox 1103 3937 1525 4001; x_wconf 86' lang='lat' dir='ltr'>deferendum</span> <span class='ocrx_word' id='word_1_225' title='bbox 1559 3937 1846 4001; x_wconf 89' lang='lat' dir='ltr'>infirmo.</span> <span class='ocrx_word' id='word_1_226' title='bbox 1883 3938 2112 4001; x_wconf 88' lang='lat' dir='ltr'>Nullus</span> <span class='ocrx_word' id='word_1_227' title='bbox 2144 3954 2265 4019; x_wconf 88' lang='lat' dir='ltr'>pro</span> 
     </span>
     <span class='ocr_line' id='line_1_29' title="bbox 78 4050 2258 4132; baseline -0 -14"><span class='ocrx_word' id='word_1_228' title='bbox 78 4050 520 4132; x_wconf 79' lang='lat' dir='ltr'>baptizandis</span> <span class='ocrx_word' id='word_1_229' title='bbox 571 4051 928 4115; x_wconf 82' lang='lat' dir='ltr'>infantibus</span> <span class='ocrx_word' id='word_1_230' title='bbox 967 4052 1100 4117; x_wconf 89' lang='lat' dir='ltr'>sive</span> <span class='ocrx_word' id='word_1_231' title='bbox 1151 4052 1412 4132; x_wconf 85' lang='lat' dir='ltr'>adultis,</span> <span class='ocrx_word' id='word_1_232' title='bbox 1460 4053 1595 4116; x_wconf 77' lang='lat' dir='ltr'>sive</span> <span class='ocrx_word' id='word_1_233' title='bbox 1641 4052 1923 4116; x_wconf 85' lang='lat' dir='ltr'>infirmis</span> <span class='ocrx_word' id='word_1_234' title='bbox 1967 4053 2258 4117; x_wconf 58' lang='lat' dir='ltr'>reconcie</span> 
     </span>
     <span class='ocr_line' id='line_1_30' title="bbox 72 4165 2255 4252; baseline 0 -19"><span class='ocrx_word' id='word_1_235' title='bbox 72 4165 382 4243; x_wconf 77' lang='lat' dir='ltr'>liandiS,</span> <span class='ocrx_word' id='word_1_236' title='bbox 407 4167 521 4229; x_wconf 90' lang='lat' dir='ltr'>aut</span> <span class='ocrx_word' id='word_1_237' title='bbox 546 4166 822 4230; x_wconf 86' lang='lat' dir='ltr'>mortuis</span> <span class='ocrx_word' id='word_1_238' title='bbox 842 4167 1221 4248; x_wconf 88' lang='lat' dir='ltr'>sepeliendis</span> <span class='ocrx_word' id='word_1_239' title='bbox 1244 4168 1598 4248; x_wconf 74' lang='lat' dir='ltr'>‘praemium</span> <span class='ocrx_word' id='word_1_240' title='bbox 1618 4168 1722 4232; x_wconf 74' lang='lat' dir='ltr'>vel</span> <span class='ocrx_word' id='word_1_241' title='bbox 1752 4186 1998 4232; x_wconf 89' lang='lat' dir='ltr'>munus</span> <span class='ocrx_word' id='word_1_242' title='bbox 2020 4169 2255 4252; x_wconf 81' lang='lat' dir='ltr'>exigat.</span> 
     </span>
     <span class='ocr_line' id='line_1_31' title="bbox 69 4280 2262 4365; baseline 0 -16"><span class='ocrx_word' id='word_1_243' title='bbox 69 4289 239 4349; x_wconf 85' lang='lat' dir='ltr'>Per</span> <span class='ocrx_word' id='word_1_244' title='bbox 282 4280 744 4362; x_wconf 83' lang='lat' dir='ltr'>negligentiam</span> <span class='ocrx_word' id='word_1_245' title='bbox 785 4284 1070 4345; x_wconf 79' lang='lat' dir='ltr'>vestram</span> <span class='ocrx_word' id='word_1_246' title='bbox 1111 4282 1333 4346; x_wconf 88' lang='lat' dir='ltr'>nullus</span> <span class='ocrx_word' id='word_1_247' title='bbox 1371 4283 1586 4346; x_wconf 83' lang='lat' dir='ltr'>infans</span> <span class='ocrx_word' id='word_1_248' title='bbox 1626 4282 1766 4349; x_wconf 91' lang='lat' dir='ltr'>sine</span> <span class='ocrx_word' id='word_1_249' title='bbox 1805 4284 2150 4365; x_wconf 88' lang='lat' dir='ltr'>baptismo,</span> <span class='ocrx_word' id='word_1_250' title='bbox 2194 4286 2262 4349; x_wconf 77' lang='lat' dir='ltr'>et</span> 
     </span>
    </p>

    <p class='ocr_par' dir='ltr' id='par_1_6' title="bbox 59 4395 2261 4610">
     <span class='ocr_line' id='line_1_32' title="bbox 61 4395 2261 4477; baseline -0 -14"><span class='ocrx_word' id='word_1_251' title='bbox 61 4396 381 4463; x_wconf 80' lang='lat' dir='ltr'>adultus</span> <span class='ocrx_word' id='word_1_252' title='bbox 400 4395 537 4460; x_wconf 87' lang='lat' dir='ltr'>sine</span> <span class='ocrx_word' id='word_1_253' title='bbox 563 4396 1028 4460; x_wconf 90' lang='lat' dir='ltr'>communione</span> <span class='ocrx_word' id='word_1_254' title='bbox 1047 4399 1285 4477; x_wconf 89' lang='lat' dir='ltr'>pereat.</span> <span class='ocrx_word' id='word_1_255' title='bbox 1312 4398 1545 4461; x_wconf 91' lang='lat' dir='ltr'>Nullus</span> <span class='ocrx_word' id='word_1_256' title='bbox 1564 4400 1850 4462; x_wconf 83' lang='lat' dir='ltr'>vestrum</span> <span class='ocrx_word' id='word_1_257' title='bbox 1868 4398 1950 4462; x_wconf 90' lang='lat' dir='ltr'>sit</span> <span class='ocrx_word' id='word_1_258' title='bbox 1965 4400 2261 4463; x_wconf 82' lang='lat' dir='ltr'>ebriosus</span> 
     </span>
     <span class='ocr_line' id='line_1_33' title="bbox 59 4509 2258 4610; baseline -0.001 -30"><span class='ocrx_word' id='word_1_259' title='bbox 59 4513 228 4580; x_wconf 81' lang='lat' dir='ltr'>aut</span> <span class='ocrx_word' id='word_1_260' title='bbox 264 4509 607 4610; x_wconf 79' lang='lat' dir='ltr'>litigiosus,</span> <span class='ocrx_word' id='word_1_261' title='bbox 641 4511 873 4576; x_wconf 90' lang='lat' dir='ltr'>Nullus</span> <span class='ocrx_word' id='word_1_262' title='bbox 911 4530 1093 4576; x_wconf 88' lang='lat' dir='ltr'>arma</span> <span class='ocrx_word' id='word_1_263' title='bbox 1122 4511 1308 4576; x_wconf 82' lang='lat' dir='ltr'>ferat.</span> <span class='ocrx_word' id='word_1_264' title='bbox 1353 4514 1589 4578; x_wconf 89' lang='lat' dir='ltr'>Nullus</span> <span class='ocrx_word' id='word_1_265' title='bbox 1619 4532 1861 4578; x_wconf 87' lang='lat' dir='ltr'>canum</span> <span class='ocrx_word' id='word_1_266' title='bbox 1894 4517 2007 4577; x_wconf 85' lang='lat' dir='ltr'>aut</span> <span class='ocrx_word' id='word_1_267' title='bbox 2033 4514 2258 4579; x_wconf 82' lang='lat' dir='ltr'>avium</span> 
     </span>
    </p>
   </div>
  </div>
 </body>
</html>
