3038 5623
656 708 689 775 1
706 706 798 775 46
1362 706 1741 771 mannhun
1791 724 2076 770 pamm.

650 890 681 928 ι)
731 868 1171 949 capitulorum
1220 863 1539 946 deputati,
1579 881 1805 928 vocem
1853 862 2184 926 dumtaxat
2233 864 2663 928 consultivam
2705 864 2774 928 in

649 1008 680 1045 »
731 983 1000 1047 concilio
1049 978 1428 1062 provinciali
1485 978 1745 1042 habent.
1781 1001 1812 1038 >³
1865 982 1980 1042 Les
2025 978 2385 1043 canonistas
2416 981 2580 1052 sont,
2608 979 2791 1043 d’ail-

648 1099 852 1175 leurS,
882 1095 1229 1160 unanimes
1258 1113 1372 1157 sur
1396 1112 1466 1158 ce
1489 1093 1687 1176 point.

734 1217 846 1277 Ces
875 1210 1310 1288 commendes,
1336 1210 1708 1291 auxquelles
1728 1208 1776 1271 il
1800 1209 1952 1272 etait
1976 1210 2232 1273 natural
2256 1228 2382 1292 que
2405 1209 2517 1274 des
2537 1211 2701 1275 abus
2726 1229 2790 1275 se

650 1328 1019 1405 melassent,
1052 1344 1305 1390 comme
1333 1325 1413 1388 ils
1436 1327 1531 1406 s’y
1555 1324 1701 1388 sont
1726 1343 1809 1388 en
1834 1326 1980 1388 effet
2007 1324 2205 1388 meles
2233 1343 2317 1389 au
2348 1325 2554 1406 grand
2592 1325 2795 1389 detri-

648 1444 830 1508 ment
851 1442 929 1505 de
957 1443 1021 1505 la
1043 1440 1376 1521 discipline
1390 1440 1825 1524 monastique,
1850 1440 1966 1504 ont
1989 1440 2137 1521 deja
2168 1439 2430 1521 disparn
2455 1439 2535 1504 de
2561 1442 2623 1504 la
2653 1442 2797 1522 plu-

646 1558 791 1639 part
818 1557 929 1621 des
955 1574 1140 1638 pays3
1189 1557 1253 1620 et
1280 1556 1327 1620 il
1354 1559 1448 1621 est
1489 1557 1793 1638 probable
1823 1574 1976 1638 que,
2007 1557 2061 1620 si
2097 1556 2190 1619 les
2217 1556 2440 1620 ordres
2478 1557 2798 1638 religieux

645 1671 1234 1750 recommencaient
1265 1670 1302 1733 a
1332 1671 1561 1734 fleurir
1598 1673 1660 1735 et
1702 1670 1739 1734 a
1781 1670 2081 1752 posseder
2107 1670 2199 1734 les
2227 1671 2413 1734 biens
2442 1671 2796 1751 temporels

645 1788 757 1870 qui
783 1788 929 1851 leur
958 1788 1107 1851 sont
1134 1786 1555 1878 necessaires,
1583 1785 2003 1867 l’experience
2027 1785 2116 1849 du
2154 1786 2333 1867 passe
2357 1786 2798 1867 empecherait

643 1902 704 1965 le
745 1902 969 1966 retour
997 1902 1191 1965 d'une
1233 1901 1601 1964 institution
1639 1902 1784 1982 plus
1826 1900 2226 1983 dangereuse
2273 1901 2566 1983 qu'utile.
2603 1901 2786 1979 Mai5‚

644 2035 727 2080 en
765 2016 1121 2098 regrettant
1159 2017 1252 2081 les
1275 2018 1459 2094 abus,
1485 2017 1578 2079 les
1602 2015 1920 2080 ecrivains
1942 2016 2340 2098 catholiques
2367 2015 2630 2080 doivent
2659 2016 2789 2079 soi-

645 2133 1068 2212 gneusement
1092 2131 1294 2195 eviter
1314 2132 1392 2195 de
1421 2133 1636 2213 porter
1658 2131 1922 2195 atteinte
1965 2150 2049 2194 au
2090 2130 2260 2195 droit
2304 2132 2631 2212 pontifical
2678 2132 2791 2214 qui

651 2246 887 2309 servait
913 2247 991 2310 de
1019 2245 1400 2310 fondement
1420 2246 1458 2309 a
1484 2247 1648 2310 cette
1670 2246 2060 2325 institution,
2094 2247 2158 2310 et
2185 2247 2297 2329 qui
2331 2250 2429 2310 est
2473 2247 2797 2311 incontes-

652 2361 845 2425 table.
887 2365 981 2425 On
1018 2379 1441 2444 remarquera
1484 2363 1647 2427 cette
1688 2362 2189 2445 circonspection
2232 2362 2393 2426 dans
2416 2364 2508 2426 les
2536 2362 2796 2445 paroles

651 2476 975 2539 suivantes
1004 2477 1082 2540 de
1108 2477 1280 2541 Leon
1306 2482 1361 2541 X
1392 2477 1655 2556 (concile
1683 2478 1761 2541 de
1804 2477 2061 2555 Latran‚
2105 2478 2347 2542 session
2369 2481 2473 2557 ,19)
2500 2496 2517 2539 ε
2559 2501 2591 2539 α
2615 2483 2795 2557 Quo-

648 2611 683 2650 »
732 2591 913 2654 niam
955 2608 1031 2654 ex
1075 2592 1479 2656 commendis
1506 2593 2077 2671 monasteriorum,
2107 2594 2182 2656 ut
2212 2593 2526 2674 magistra
2561 2575 2794 2657 rerum

646 2726 678 2764 n
726 2705 1117 2784 experientia
1144 2706 1382 2785 docuit,
1428 2707 1818 2770 monasteria
1861 2707 1997 2788 ipsa
2044 2710 2183 2771 tam
2225 2708 2297 2771 in
2344 2708 2792 2789 spiritualibus

650 2843 681 2880 n
732 2838 934 2902 quam
955 2820 1026 2884 in
1066 2822 1527 2902 temporalibus
1556 2821 1838 2904 graviter
1859 2822 2213 2902 laeduntur,
2243 2824 2477 2906 quippe
2500 2842 2795 2907 quorum

646 2957 680 2996 ι)
728 2934 996 3001 aedificia
1044 2936 1283 3018 partim
1332 2937 2029 3001 commendatariorum
2079 2939 2497 3021 negligentia,
2547 2940 2795 3022 partim

647 3071 687 3113 >³
730 3053 1000 3116 avaritia
1044 3053 1146 3117 vel
1186 3052 1432 3134 injuria
1475 3053 1913 3133 collabuntur,
1937 3054 2001 3118 et
2029 3054 2100 3118 in
2125 3054 2259 3119 dies
2289 3048 2551 3119 divinus
2573 3057 2791 3121 cultus

649 3187 682 3226 ι)
731 3167 803 3230 in
838 3168 939 3231 his
968 3167 1174 3251 magis
1203 3167 1618 3246 diminuitur,
1665 3167 2037 3253 passimque
2082 3169 2472 3253 obloquendi
2515 3171 2796 3235 materia

651 3303 687 3341 >2
730 3284 1019 3364 personis
1072 3285 1432 3365 praesertim
1489 3283 1906 3349 saecularibus
1951 3283 2312 3366 praebetur,
2360 3301 2497 3348 non
2544 3286 2795 3369 absque

649 3418 691 3455 ι)
734 3395 1063 3478 dignitatis
1092 3399 1445 3480 apostolicae
1474 3397 1655 3463 Sedis
1679 3398 2138 3477 diminutione,
2171 3417 2209 3462 a
2231 3417 2359 3482 qua
2382 3399 2791 3465 commendae

657 3532 688 3571 »
738 3511 937 3593 hujus
954 3513 1127 3576 modi
1152 3514 1668 3594 proficiscuntur3
1691 3514 1765 3578 ut
1785 3532 2013 3579 eorum
2036 3512 2448 3578 indemnitati
2465 3515 2791 3581 salubrius

655 3649 687 3687 n
738 3628 1137 3707 consulatur,
1161 3628 1464 3692 volumus
1504 3645 1580 3692 ac
1621 3629 1949 3694 sancimus
1971 3630 2045 3692 ut
2070 3647 2222 3694 cum
2247 3628 2363 3692 illa
2390 3646 2505 3711 per
2535 3629 2790 3695 obitum

653 3765 687 3804 n
736 3744 1044 3807 abbatum
1095 3741 1208 3824 qui
1253 3741 1385 3805 illis
1431 3743 1751 3823 praeerant
1799 3741 2190 3822 vacaverint,
2221 3744 2406 3808 nullo
2435 3746 2623 3826 pacto
2651 3745 2788 3808 cui-

655 3881 688 3919 »
734 3877 931 3944 quam
954 3857 1199 3940 possint
1241 3857 1715 3938 commendari3
1747 3857 1873 3921 nisi
1897 3876 2015 3939 pro
2037 3857 2523 3923 conservatione
2570 3859 2789 3923 aucto·

652 3995 684 4033 ι)
742 3974 950 4037 ritatis
975 3971 1333 4053 apostolicae
1356 3970 1555 4050 Sedis,
1579 3972 1642 4035 et
1681 3970 1766 4035 ad
1804 3972 2279 4037 occurrendum
2307 3972 2576 4036 malitiis
2603 3972 2787 4036 illam

649 4112 681 4148 »
731 4087 1261 4170 impugnantium
1305 4104 1421 4168 pro
1468 4088 1839 4169 temporum
1881 4087 2187 4169 qualitate
2239 4087 2428 4152 aliter
2473 4088 2662 4153 nobis
2705 4086 2785 4150 de

651 4223 683 4262 n
732 4203 1014 4267 fratrum
1044 4202 1420 4265 nostrorum
1444 4201 1713 4267 consilio
1739 4200 1954 4265 visum
1977 4200 2175 4265 fuerit
2194 4201 2511 4284 expedire.
2544 4226 2576 4262 ι

742 4322 830 4384 De
854 4318 1018 4382 cette
1037 4314 1473 4400 appreciation
1497 4333 1614 4381 sur
1634 4316 1727 4380 les
1743 4314 2156 4383 commendes
2182 4334 2269 4383 on
2291 4318 2445 4400 peut
2460 4317 2782 4394 conclure,
