3038 5623
627 790 771 861 264
1335 789 1724 858 Ta01s1ieMn
1765 809 2041 858 marm.

632 978 664 1015 u
695 956 760 1020 et
786 954 1156 1036 contempta
1178 954 1289 1019 illa
1310 954 1629 1036 deponere
1655 955 2086 1036 praesumatiS,
2109 957 2175 1021 et
2194 956 2515 1039 praecipue
2539 956 2739 1022 Sedem

626 1094 659 1132 n
692 1072 1110 1153 apostolicam
1162 1070 1615 1153 appellantem.
1671 1071 1878 1136 Nimis
1929 1090 2216 1156 namque
2263 1073 2622 1138 absurdum
2665 1074 2742 1137 est

628 1211 659 1249 »
694 1187 866 1270 quod
897 1187 1130 1267 dicitiS,
1162 1186 1556 1266 Rothadum,
1589 1187 1704 1270 qui
1735 1187 1815 1251 ad
1838 1187 2162 1270 judicium
2190 1189 2367 1254 Sedis
2406 1189 2742 1271 apostolicae

629 1328 661 1364 n
698 1304 1084 1386 provocavit,
1130 1304 1372 1371 iterum
1400 1305 1652 1368 mutata
1691 1322 1844 1369 voce
1873 1306 2082 1369 vestra
2106 1303 2352 1386 ,iudicia
2392 1305 2741 1386 postulasse.

630 1442 665 1483 »
693 1421 869 1500 Quod
897 1421 1147 1486 etiamsi
1177 1422 1267 1486 ita
1294 1421 1543 1499 fuisset,
1581 1438 1620 1485 a
1654 1422 1868 1485 vestra
1894 1421 2106 1486 suerat
2141 1421 2542 1486 fraternitate
2564 1421 2743 1486 corri-

630 1560 662 1598 »
699 1537 973 1619 gentius»,
1002 1539 1066 1601 et
1091 1538 1242 1620 quia
1272 1555 1311 1602 a
1339 1537 1574 1619 majori
1604 1536 1684 1602 ad
1711 1537 1989 1603 minoris
2016 1536 2416 1602 auctoritatis
2440 1554 2749 1618 provocas-

633 1675 664 1714 »
702 1653 796 1716 set
832 1653 1180 1734 judicium,
1223 1653 1674 1719 emendandus
1684 1700 1803 1719 .....
1859 1658 2146 1737 AEquum
2196 1670 2329 1716 non
2378 1652 2566 1731 foret,
2597 1652 2648 1716 si
2685 1651 2754 1715 ad

631 1791 667 1831 n
702 1771 915 1834 vestra
943 1787 1010 1833 se
1034 1768 1280 1850 judicia
1303 1769 1743 1848 convertisset,
1770 1767 2070 1853 quamvis
2097 1769 2160 1832 et
2184 1767 2237 1832 si
2266 1766 2492 1833 Sedem
2519 1769 2754 1850 aposto-

633 1910 663 1945 »
698 1886 891 1951 licam
919 1886 1292 1951 nullatenus
1329 1886 1727 1969 appellasset,
1758 1886 1984 1949 contra
2011 1885 2103 1948 tot
2134 1885 2347 1948 tamen
2376 1885 2439 1948 et
2466 1885 2641 1948 tanta
2659 1901 2759 1948 vos

636 2024 670 2065 >›
703 2002 1047 2068 decretalia
1076 2003 1291 2068 efferri
1330 2003 1591 2082 statuta,
1623 2003 1688 2065 et
1728 2001 2115 2083 Episcopum
2165 1998 2548 2064 inconsultis
2593 2000 2762 2064 nobis

636 2142 668 2180 2>
707 2120 1028 2202 deponere
1057 2120 1239 2184 nullo
1270 2118 1465 2184 modo
1493 2118 1828 2183 debuistis.
1862 2116 2041 2195 Quod
2069 2119 2286 2181 tamen
2314 2134 2502 2181 vos...
2530 2119 2767 2200 postpo-

635 2259 667 2298 »
707 2238 911 2302 suisse
940 2237 1259 2315 dolemuS,
1289 2237 1352 2301 et
1381 2235 1787 2299 diversorum
1832 2233 2008 2299 Sedis
2036 2232 2393 2315 apostolicae
2417 2235 2766 2299 Praesulum

636 2376 668 2413 »
706 2353 962 2418 decreta
1003 2353 1074 2417 in
1105 2352 1227 2416 hoc
1259 2370 1373 2416 vos
1423 2351 1886 2432 contempsisse
1936 2351 2217 2432 negotio,
2262 2368 2396 2415 non
2446 2350 2768 2416 immerito

637 2490 669 2529 »
711 2467 1355 2550 reprehendimus...
1390 2472 1524 2532 Hoc
1552 2466 1721 2550 quod
1760 2485 1925 2548 saepe
1966 2466 2511 2531 commemoratus
2543 2470 2615 2529 B.
2657 2471 2769 2531 Leo

636 2606 669 2644 n
705 2584 1062 2664 apostolicae
1086 2583 1263 2648 Sedis
1292 2584 1573 2649 Antistes
1598 2581 1677 2647 ad
1702 2582 2117 2647 Anastasium
2142 2581 2770 2647 Thessalonicensem

639 2722 670 2759 ι)
707 2698 1279 2780 Archiepiscopum
1305 2697 1553 2777 scribit,
1573 2698 2012 2783 quorumdam
2035 2700 2398 2762 vestrorum
2428 2715 2771 2779 proesump-

640 2836 675 2876 »
710 2815 955 2880 tionem
987 2815 1420 2897 potentissime
1443 2814 1666 2879 ferit...
1701 2816 1791 2880 ait
1809 2815 1989 2879 enim
2022 2834 2037 2879 ε
2077 2816 2233 2881 Cum
2250 2816 2506 2898 majora
2531 2814 2771 2896 neqotia

647 2954 678 2991 η
706 2940 762 2996 et
791 2931 1172 3014 difficiliores
1203 2949 1541 2995 causarum
1564 2934 1771 2996 exitus
1818 2931 2076 2995 liberum
2109 2932 2218 2995 tibi
2243 2939 2387 2995 esset
2409 2932 2523 2995 sub
2551 2938 2771 2995 nostroe

641 3070 676 3111 »
704 3051 1017 3114 sententiae
1061 3049 1474 3131 expectatione
1515 3048 1906 3130 suspendere,
1949 3068 2057 3113 nec
2103 3050 2269 3114 ratio
2313 3049 2424 3115 tibi
2450 3067 2562 3113 nec
2587 3064 2768 3112 neccs-

643 3187 675 3227 ›>
709 3167 861 3231 sitas
902 3167 1026 3248 [uit
1049 3167 1118 3229 in
1156 3167 1223 3230 id
1245 3166 1412 3248 quod
1433 3183 1794 3229 mensuram
1819 3173 1995 3229 tuam
2019 3165 2336 3229 excederet
2359 3165 2651 3230 deviandi
2655 3209 2769 3227 .....

645 3304 678 3343 n
707 3283 826 3348 Sed
878 3283 1118 3346 etiamsi
1166 3282 1318 3364 quid
1364 3299 1550 3363 yraee
1599 3281 2181 3364 intolerandumque
2230 3282 2632 3347 committeret
2675 3281 2772 3358 (1),

650 3419 682 3458 ι»
713 3405 930 3462 nostra
966 3404 1100 3461 crat
1141 3397 1522 3477 expectanda
1567 3415 1849 3476 censura,
1896 3407 1969 3462 ut
2013 3400 2175 3463 nihil
2215 3400 2343 3480 ipse
2373 3400 2565 3480 prius
2588 3398 2776 3461 decer-

647 3535 683 3576 »
710 3531 885 3578 neres
911 3531 1100 3595 quam
1124 3512 1269 3595 quid
1286 3513 1459 3577 nobis
1481 3514 1749 3593 placeret
1776 3532 2150 3595 aynosceres.
2185 3514 2363 3594 Quod
2388 3533 2508 3579 nos
2527 3528 2777 3599 quoquc

649 3654 679 3690 »
718 3629 796 3694 de
825 3627 1109 3693 Rothado
1134 3647 1265 3693 non
1295 3629 1805 3694 irrationabilius
1843 3630 2054 3695 dicere
2078 3650 2503 3712 possumus..
2511 3649 2532 3711 3
2562 3630 2776 3695 nostra

650 3769 684 3808 >³
713 3748 852 3812 erat
882 3745 1267 3828 expectanda
1296 3763 1571 3810 censura
1611 3748 1686 3810 ut
1714 3746 1881 3812 nihil
1907 3748 2086 3830 prius
2126 3746 2559 3813 decerneretis
2586 3760 2781 3829 quam

651 3886 681 3923 ι)
721 3862 876 3946 quid
903 3863 1090 3926 nobis
1114 3863 1391 3944 placeret
1411 3863 1860 3943 agnosceretis
1893 3864 2011 3928 Sed
2031 3863 2241 3928 dicitis
2259 3864 2506 3946 judicia
2524 3862 2780 3944 Episco-

650 4000 684 4041 >›
720 3998 950 4060 porum
975 3997 1109 4043 non
1138 3997 1274 4043 esse
1311 3980 1560 4059 majora
1584 3979 1838 4060 negotia
1864 3997 1985 4043 nec
2022 3978 2412 4043 difficiliores
2444 3991 2787 4043 cansarum

651 4116 685 4156 »
719 4094 945 4157 exitus.
994 4095 1077 4159 At
1105 4112 1221 4158 nos
1261 4093 1502 4159 horum
1540 4094 1774 4159 merito
1814 4094 2057 4180 judicia
2104 4098 2353 4179 majora
2401 4095 2660 4179 negotia
2695 4089 2786 4154 di-

652 4230 686 4272 »
721 4209 1007 4274 cimus...
1040 4232 1070 4269 1)

723 4488 786 4550 (1)
813 4487 956 4537 Saint
978 4485 1111 4537 Leon
1132 4486 1272 4549 pai-le
1295 4487 1357 4538 de
1379 4476 1616 4552 rnveque
1648 4485 1973 4551 qu'Anastase
2015 4488 2153 4539 avait
2195 4487 2479 4539 condamus
2498 4498 2616 4539 sans
2649 4479 2790 4535 avoir

658 4576 885 4629 consulte
907 4576 954 4627 le
983 4575 1318 4637 Saint-Siege.
