3038 5623
418 855 718 904 coneum
771 856 983 905 Pnov.
1022 857 1163 904 PAR
1210 858 1533 904 merom·
1567 858 1666 905 Au
1706 843 2174 908 SAmT-suicn.
2281 839 2423 909 245

308 1018 338 1057 n
363 1015 539 1061 more
569 999 928 1079 majorum,
956 998 1153 1063 etiam
1179 999 1320 1063 sine
1348 1000 1484 1064 ulla
1510 999 1757 1082 synodo
1784 1000 2203 1081 praecedente,
2232 1002 2299 1065 et
2323 1001 2436 1065 ab·

307 1133 337 1172 »
364 1112 650 1176 solvandi
683 1131 847 1196 quos
887 1114 1171 1195 synodus
1212 1115 1437 1197 inique
1469 1114 1920 1194 damnaverat,
1957 1117 2024 1180 et
2053 1115 2434 1194 damnandi,

306 1248 339 1287 »
363 1227 540 1292 nulla
561 1227 874 1292 existente
898 1228 1167 1311 synode,
1191 1246 1356 1312 quos
1378 1229 1687 1311 oportuit,
1715 1229 2017 1294 habuerit
2035 1231 2431 1294 facultatem.

308 1362 338 1399 »
365 1342 608 1405 Sanctae
650 1342 985 1406 memoriae
1028 1342 1265 1424 quippe
1301 1341 1734 1407 Athanasium
1773 1345 2058 1426 synodus
2102 1344 2439 1409 orientalis

309 1475 341 1515 1>
366 1455 716 1535 abdixerat,
754 1474 953 1539 quem
996 1457 1220 1520 tamen
1258 1458 1599 1538 exceptum
1637 1458 1829 1523 Sedes
1875 1459 2252 1541 apostolica,
2287 1458 2444 1541 quia

309 1590 337 1628 ι)
365 1570 771 1635 damnationi
791 1574 1162 1635 Graecorum
1186 1589 1318 1635 non
1338 1572 1687 1651 consensit,
1709 1572 2002 1637 absolvit.
2035 1576 2281 1637 Sanctae
2310 1590 2444 1637 me-

309 1705 341 1744 »
366 1685 587 1748 moriae
617 1684 1054 1749 nihilominus
1079 1689 1402 1749 Joannem
1431 1686 2218 1767 constantinopolitanum
2245 1704 2441 1769 syno-

311 1818 341 1855 n
366 1798 483 1862 dus
519 1799 720 1863 etiam
753 1799 1224 1864 catholicorum
1253 1800 1610 1881 praesulum
1639 1802 1812 1864 certe
1840 1799 2212 1879 damnarat,
2243 1818 2442 1882 quem

311 1933 337 1970 n
368 1912 563 1976 simili
592 1913 786 1977 modo
820 1914 1010 1979 Sedes
1042 1914 1384 1996 apostolica
1411 1915 1610 1979 etiam
1640 1916 1797 1993 sola,
1828 1916 1980 1998 quia
2009 1933 2143 1979 non
2173 1932 2445 1979 consen-

308 2049 338 2087 »
366 2028 468 2106 sit,
498 2029 793 2093 absolvit.
826 2031 1119 2112 Itemque
1147 2032 1382 2095 sanctae
1412 2030 1746 2095 memoriae
1774 2029 2157 2093 Flavianum
2187 2028 2446 2109 pontifi-

308 2163 337 2201 »
358 2161 516 2225 cum
543 2144 1047 2227 congregatione
1075 2144 1485 2220 damnatum,
1530 2145 1670 2225 pari
1704 2146 1928 2208 tenore
1960 2143 2272 2225 quoniam
2308 2142 2444 2207 sola

308 2279 338 2316 ι)
366 2257 555 2323 Sedes
581 2259 928 2341 apostolica
953 2277 1087 2323 non
1109 2260 1455 2338 consensit,
1485 2259 1785 2338 absolvit,
1807 2258 2146 2340 potiusque
2169 2258 2282 2340 qui
2313 2257 2445 2322 illic

307 2393 336 2431 ι»
365 2375 659 2454 receptus
694 2373 910 2438 fuerat
940 2374 1315 2438 Dioscorum
1353 2372 1651 2437 secundae
1692 2372 1870 2437 Sedis
1899 2373 2280 2454 praesulem,
2325 2388 2445 2435 sua

305 2509 333 2545 n
362 2486 742 2551 auctoritate
782 2487 1150 2567 damnavit,
1194 2489 1261 2553 et
1299 2487 1575 2568 impiam
1619 2487 1947 2569 synodum
1995 2505 2128 2552 non
2167 2504 2443 2553 consen-

305 2601 581 2667 »tiendo
610 2601 961 2667 submovit.
984 2623 1015 2662 ι)
1055 2602 1449 2682 (Bullarium
1470 2606 1686 2681 Rom..
1716 2603 1764 2665 t.
1796 2607 1844 2681 1,
1875 2621 1936 2683 p.
1969 2605 2096 2681 64.)

1128 3023 1246 3084 Vl·
1287 3010 1614 3084 SIECLE.

371 3400 528 3462 L'an
566 3403 711 3474 502,
742 3395 804 3460 le
829 3395 1048 3460 diacre
1070 3393 1430 3471 Ennomus,
1454 3393 1617 3457 dans
1648 3411 1741 3457 un
1770 3392 1928 3458 ecrit
1951 3391 2066 3475 qui
2091 3391 2206 3455 fait
2231 3389 2436 3473 partie

299 3493 405 3574 des
445 3510 699 3575 decrets
737 3508 897 3573 d'un
937 3509 1049 3573 des
1094 3508 1372 3572 conciles
1415 3508 1704 3572 romains
1754 3509 1944 3572 tenus
1992 3525 2140 3571 sous
2181 3507 2241 3570 le
2280 3523 2438 3586 pape

297 3627 718 3707 Symmaque,
761 3642 846 3688 en
883 3621 1167 3686 refutant
1200 3622 1477 3687 certains
1517 3622 2038 3704 schismatiques‚
2085 3621 2178 3684 les
2218 3618 2438 3695 defiait

296 3735 370 3802 de
396 3738 560 3802 citer
587 3755 684 3800 un
712 3737 856 3801 seul
883 3737 1128 3800 concile
1156 3736 1505 3817 provincial
1533 3736 1620 3801 ou
1645 3737 1778 3800 l'on
1810 3737 1902 3799 ait
1927 3735 2042 3798 fait
2069 3732 2180 3798 des
2208 3733 2436 3797 statuis

293 3867 441 3914 sans
483 3851 546 3913 la
578 3850 875 3914 sanction
905 3849 993 3913 du
1021 3849 1424 3931 Saint·-Siege
1437 3897 1457 3929 ,
1486 3850 1695 3932 etqui
1729 3849 1886 3912 n'ait
1916 3865 2024 3928 pas
2060 3846 2314 3911 reserve
2349 3864 2435 3909 au

292 3965 542 4029 Pontife
571 3964 830 4028 romain
864 3966 1038 4028 toute
1071 3964 1290 4029 affaire
1319 3966 1633 4046 majeure.
1678 3968 1850 4029 Nous
1886 3963 2091 4026 citons
2123 3963 2268 4043 plus
2299 3961 2433 4025 loin

289 4094 357 4142 ce
385 4080 559 4142 texte
586 4095 670 4142 en
699 4078 931 4142 entier.

365 4193 554 4256 saint
576 4192 854 4270 Cesaire,
889 4191 1134 4274 (aveque
1158 4192 1427 4272 d'ArleS,
1457 4191 1714 4257 adressa
1741 4210 1827 4256 au
1853 4211 2010 4274 pape
2039 4196 2434 4274 Symmaque

287 4323 380 4369 un
416 4306 746 4371 memoire
783 4324 901 4387 par
934 4307 1150 4388 lequel
1184 4307 1232 4370 il
1267 4307 1640 4370 demandait
1677 4326 1759 4371 au
1793 4307 2179 4389 saint-siege
2214 4306 2294 4371 de
2330 4304 2440 4368 de-

285 4419 466 4485 cider
498 4420 720 4484 divers
749 4420 964 4501 points
991 4421 1069 4484 de
1096 4407 1453 4502 discipline.
1488 4425 1585 4485 On
1612 4440 1654 4503 y
1678 4422 1754 4485 lit
1779 4424 1964 4486 entre
1992 4425 2247 4486 autres:

371 4557 402 4597 ι
424 4536 608 4600 Sicut
654 4553 696 4599 a
738 4553 1009 4616 persona
1049 4534 1219 4600 beati
1245 4537 1433 4617 ,Petri
1475 4536 1738 4617 apostoli
1772 4536 2171 4619 episcopatus
2220 4533 2423 4600 sumit
