3038 5623
555 834 958 881 Pansomms
1011 832 1432 880 compos-Am·
1488 831 1577 878 LE
1629 830 1933 880 coneum
1956 864 1975 899 ‚
2038 833 2190 883 mc.
2302 812 2437 883 211

320 976 451 1039 tum
495 975 830 1039 observari
884 976 954 1039 in
995 975 1197 1057 hujus
1241 974 1419 1039 modi
1457 973 1771 1039 conciliis.
1817 973 2161 1055 (Odespun,
2207 993 2271 1057 p.
2336 983 2451 1058 123

324 1090 515 1168 Paris,
543 1092 753 1169 ¹646.)

395 1209 448 1270 A
465 1207 534 1270 la
564 1224 728 1287 page
752 1204 1051 1269 suivante
1070 1222 1235 1268 nous
1256 1222 1501 1287 voyons
1519 1205 1582 1269 le
1601 1205 1844 1270 concile
1867 1222 1953 1269 en
1968 1205 2263 1284 marche,
2282 1206 2348 1270 et
2368 1205 2464 1270 les

338 1320 871 1401 proces-verbam
891 1321 1007 1383 ont
1033 1319 1174 1384 soin
1210 1319 1288 1383 de
1316 1336 1483 1383 nous
1526 1321 1825 1384 raconter
1847 1319 2014 1384 ainsi
2041 1320 2277 1384 l’ordre
2304 1319 2468 1396 dans

335 1437 540 1518 lequel
562 1434 817 1498 chacun
841 1451 908 1498 se
933 1435 1079 1498 trou
1088 1435 1220 1498 vait
1245 1433 1423 1516 place
1450 1438 1483 1499 ε’

412 1571 442 1609 α
467 1548 954 1613 Illustrissimus
970 1551 1037 1612 et
1056 1549 1637 1614 reverendissimus
1657 1549 2011 1614 cardinalis
2036 1550 2473 1633 Archiepisoo-

332 1685 360 1723 n
388 1682 538 1745 pus,
566 1682 720 1727 cum
756 1664 1108 1746 aliquando
1135 1665 1506 1744 recreasset,
1528 1664 1859 1747 ingressus
1879 1667 1975 1729 est
1994 1665 2293 1745 chorum,
2315 1683 2469 1731 cum

338 1803 364 1838 n
399 1779 726 1861 Episcopis
749 1778 994 1842 indutis
1013 1779 1436 1860 pastoralibus
1453 1779 1906 1858 chlamidibus,
1927 1797 2040 1844 seu
2055 1781 2470 1861 pluvialibus„

339 1917 364 1953 ι»
401 1911 565 1977 quos
603 1895 892 1974 protinus
932 1895 1088 1958 sunt
1114 1895 1315 1958 secuti
1357 1895 1639 1973 abbateS,
1672 1897 1736 1959 et
1764 1896 1876 1977 qui
1911 1895 1981 1958 in
2022 1896 2286 1959 ecclesia
2303 1896 2472 1961 Rhe-

349 2033 377 2069 »
411 2009 628 2073 mensi
656 2009 1001 2091 dignitates
1024 2011 1177 2073 sunt
1203 2009 1496 2088 assecuti,
1528 2012 1593 2074 et
1617 2028 1845 2074 omnes
1868 2014 2310 2091 procuratores
2338 2028 2482 2092 pas-

338 2146 366 2183 »
402 2125 719 2188 toralibus
748 2124 907 2188 item
931 2123 1368 2188 chlamidibus
1396 2124 1635 2202 induti,
1668 2124 1867 2188 secuti
1896 2121 2091 2188 etiam
2120 2126 2306 2188 erant
2345 2143 2486 2189 om-

348 2261 381 2300 »
417 2258 536 2304 nes
560 2239 858 2304 canonici
886 2242 950 2302 et
976 2239 1276 2303 sacellani
1305 2240 1370 2303 et
1406 2241 1805 2321 quicumque
1836 2238 2058 2302 divino
2085 2239 2291 2302 cultui
2313 2239 2384 2302 in
2412 2255 2489 2304 ea

350 2376 380 2414 a
413 2355 680 2419 ecclesia
703 2356 859 2418 sunt
884 2355 1143 2419 addicti.
1177 2376 1209 2414 ›>
1315 2369 1318 2372 ’

427 2471 579 2534 Plus
598 2471 757 2547 loin,
789 2487 875 2533 on
899 2468 1103 2533 decrit
1129 2469 1295 2532 ainsi
1322 2468 1561 2533 l’ordre
1581 2468 1661 2532 de
1689 2468 1959 2547 session,
1994 2470 2271 2551 lorsque,
2307 2467 2492 2548 apres

328 2587 410 2677 *la
458 2603 670 2650 messe
724 2585 1076 2649 solennelle
1116 2584 1401 2649 celebrae
1445 2602 1564 2666 par
1589 2577 1885 2668 l’Eveque
1932 2584 2012 2649 de
2053 2587 2364 2666 SoissonS,
2406 2603 2494 2651 on

362 2719 740 2780 commeuca
764 2701 857 2764 les
880 2699 1335 2764 deliberations
1367 2718 1384 2763 ε
1419 2722 1450 2761 α
1472 2704 1527 2765 Α
1554 2700 1853 2764 vestiario
1877 2719 2173 2765 reversus
2196 2706 2267 2766 R.
2298 2706 2496 2767 Sues-

355 2839 389 2876 »
424 2817 744 2881 sionensis
765 2816 1131 2897 EpiscopuS,
1148 2816 1622 2897 pontificalibus
1636 2817 2042 2882 vestimentis
2056 2818 2321 2882 indutus
2343 2835 2498 2881 cum

370 2957 400 2991 ι»
432 2933 631 2996 mitra
653 2933 717 2995 et
743 2931 903 3012 pedo
927 2931 1251 3013 pastorali,
1277 2932 1564 2995 consedit
1591 2932 1662 2994 in
1689 2931 1946 2996 sedibus
1970 2950 2115 3014 quae
2133 2950 2327 3013 prope
2352 2950 2501 2996 ma·

367 3070 395 3106 »
435 3065 646 3130 gnum
667 3047 867 3110 altare
894 3047 1082 3110 erant
1106 3047 1341 3128 paratae
1367 3065 1405 3110 a
1435 3045 1677 3111 dextris
1705 3047 2121 3112 illustrissimi
2148 3047 2499 3112 cardinalis

364 3184 397 3223 »
433 3162 923 3243 Metropolitani.
948 3165 1314 3242 Supraeum
1327 3161 1586 3225 sedebat
1599 3166 1671 3226 R.
1686 3162 2033 3243 Episcopus
2044 3161 2494 3238 VirdunensiS‚

367 3300 398 3338 n
429 3279 601 3342 infra
623 3278 845 3342 autem
878 3253 1336 3359 RJEpiscopus
1372 3276 1865 3340 silvanectensis
1898 3278 1962 3340 et
2005 3278 2382 3357 procurator
2420 3282 2492 3343 R.

364 3416 391 3450 ω
431 3393 724 3473 Episcopi
753 3391 1288 3456 NoviodunensiS.
1344 3395 1432 3454 Ex
1460 3392 1661 3454 altero
1686 3393 1882 3455 latere
1911 3393 2098 3455 erant
2125 3398 2197 3458 R.
2237 3393 2499 3459 Archie-

367 3528 398 3566 »
432 3509 729 3589 piscopus
765 3502 1185 3584 Senonen'siS,
1213 3511 1285 3570 R.
1329 3506 1673 3586 Episcopus
1709 3506 2244 3571 cathalaunensis
2259 3510 2321 3572 et
2354 3528 2496 3590 pro-

368 3644 399 3682 »
433 3624 763 3686 curatores
784 3623 1191 3702 Episcopatus
1210 3619 1592 3685 Morinensis
1614 3622 1725 3702 qui
1751 3638 1928 3684 nunc
1941 3623 2039 3684 est
2050 3622 2491 3686 Bononiensis.

276 3788 281 3792 .
367 3759 395 3795 »
426 3739 571 3801 Post
582 3754 694 3801 eos
707 3754 860 3800 vero
873 3734 1597 3799 erantarchimandritae
1611 3736 1675 3798 et
1687 3735 1794 3798 alii
1814 3754 1889 3799 eo
1908 3754 2036 3817 quo
2050 3736 2231 3815 prius
2249 3735 2499 3800 dictum

366 3871 396 3909 »
430 3853 527 3914 est
549 3851 801 3915 ordine.
829 3871 865 3910 n
883 3851 1016 3915 Ala
1032 3868 1192 3932 page
1209 3856 1309 3926 16,
1343 3867 1507 3913 nous
1530 3851 1913 3913 retrouvons
1936 3867 2165 3912 encore
2189 3850 2283 3912 les
2305 3851 2499 3915 abbes

371 3964 658 4046 siegeant
694 3964 1255 4029 immediatement
1289 3964 1473 4044 apres
1523 3965 1616 4027 les
1656 3963 1941 4046 Eveques
1957 3987 1975 4044 ;
2029 3961 2193 4026 mais
2244 3964 2288 4028 il
2338 3983 2497 4031 nous

367 4082 607 4144 semble
636 4099 765 4162 que
787 4098 889 4144 ces
908 4073 1203 4144 citations
1226 4079 1540 4143 suffisent.

449 4202 510 4257 3⁰
543 4195 787 4260 Concae
817 4195 890 4258 de
916 4194 1210 4258 cambrai
1238 4195 1310 4257 de
1339 4200 1519 4256 1565.
1551 4227 1633 4239 -—-
1653 4192 1827 4256 Voici
1861 4193 1920 4256 le
1945 4210 2205 4276 passage
2231 4195 2319 4259 du
2347 4215 2497 4278 pro-

366 4308 727 4373 ces-verhal
765 4310 877 4391 qui
920 4326 1086 4372 nous
1125 4308 1329 4371 decrit
1359 4305 1593 4370 l’ordre
1624 4307 1785 4369 dans
1811 4308 2027 4389 lequel
2056 4310 2149 4371 les
2190 4309 2375 4375 Pares
2412 4311 2503 4376 du
2555 4303 2562 4309 ’

374 4424 614 4488 concile
643 4441 710 4487 se
738 4423 1075 4488 rendirent
1096 4441 1178 4487 en
1200 4440 1429 4503 pompe
1460 4421 1548 4484 du
1581 4421 1777 4501 palais
1798 4420 2114 4504 episcopal
2147 4424 2270 4488 ala
2292 4426 2505 4489 cathe-

368 4536 542 4603 drale
570 4557 589 4602 :
626 4559 657 4598 (ι
682 4538 790 4602 Die
813 4538 1021 4618 igitur
1041 4544 1119 4600 25
1149 4536 1392 4602 mensis
1406 4535 1606 4618 junii,
1637 4540 1709 4599 R.
1741 4535 2047 4602 dominus
2068 4540 2505 4620 Archiepisco·¹
