<?xml version="1.0" encoding="UTF-8"?>
<!DOCTYPE html PUBLIC "-//W3C//DTD XHTML 1.0 Transitional//EN"
    "http://www.w3.org/TR/xhtml1/DTD/xhtml1-transitional.dtd">
<html xmlns="http://www.w3.org/1999/xhtml" xml:lang="en" lang="en">
 <head>
  <title>
</title>
<meta http-equiv="Content-Type" content="text/html;charset=utf-8" />
  <meta name='ocr-system' content='tesseract 3.04.00' />
  <meta name='ocr-capabilities' content='ocr_page ocr_carea ocr_par ocr_line ocrx_word'/>
</head>
<body>
  <div class='ocr_page' id='page_1' title='image "./tractatusdeconc00bouigoog_0154.png"; bbox 0 0 3038 5623; ppageno 0'>
   <div class='ocr_carea' id='block_1_1' title="bbox 36 2736 39 3412">
    <p class='ocr_par' dir='ltr' id='par_1_1' title="bbox 36 2736 39 3412">
     <span class='ocr_line' id='line_1_1' title="bbox 36 2736 39 3412; baseline 0 0"><span class='ocrx_word' id='word_1_1' title='bbox 36 2736 39 3412; x_wconf 95' lang='lat' dir='ltr'> </span> 
     </span>
    </p>
   </div>
   <div class='ocr_carea' id='block_1_2' title="bbox 619 820 2025 891">
    <p class='ocr_par' dir='ltr' id='par_1_2' title="bbox 619 820 2025 891">
     <span class='ocr_line' id='line_1_2' title="bbox 619 820 2025 891; baseline 0.002 -3"><span class='ocrx_word' id='word_1_2' title='bbox 619 820 756 891; x_wconf 72' lang='lat'>134</span> <span class='ocrx_word' id='word_1_3' title='bbox 1325 824 1703 890; x_wconf 67' lang='grc'><strong>6661116116</strong></span> <span class='ocrx_word' id='word_1_4' title='bbox 1745 843 2025 891; x_wconf 60' lang='grc'><strong>61111111.</strong></span> 
     </span>
    </p>
   </div>
   <div class='ocr_carea' id='block_1_3' title="bbox 596 984 2752 3029">
    <p class='ocr_par' dir='ltr' id='par_1_3' title="bbox 601 984 2752 1529">
     <span class='ocr_line' id='line_1_3' title="bbox 690 984 2752 1069; baseline 0.002 -19"><span class='ocrx_word' id='word_1_5' title='bbox 690 989 774 1050; x_wconf 91' lang='lat' dir='ltr'>Le</span> <span class='ocrx_word' id='word_1_6' title='bbox 822 985 1068 1051; x_wconf 86' lang='lat' dir='ltr'>concile</span> <span class='ocrx_word' id='word_1_7' title='bbox 1117 984 1472 1066; x_wconf 87' lang='lat' dir='ltr'>provincial</span> <span class='ocrx_word' id='word_1_8' title='bbox 1521 985 1600 1050; x_wconf 89' lang='lat' dir='ltr'>de</span> <span class='ocrx_word' id='word_1_9' title='bbox 1629 986 1959 1066; x_wconf 84' lang='lat' dir='ltr'>Florence,</span> <span class='ocrx_word' id='word_1_10' title='bbox 2005 1004 2090 1050; x_wconf 92' lang='lat' dir='ltr'>en</span> <span class='ocrx_word' id='word_1_11' title='bbox 2131 994 2313 1067; x_wconf 73' lang='lat'>1517,</span> <span class='ocrx_word' id='word_1_12' title='bbox 2361 989 2535 1069; x_wconf 88' lang='lat' dir='ltr'>parle</span> <span class='ocrx_word' id='word_1_13' title='bbox 2569 988 2752 1054; x_wconf 88' lang='lat' dir='ltr'>dela</span> 
     </span>
     <span class='ocr_line' id='line_1_4' title="bbox 610 1100 2748 1187; baseline 0.002 -22"><span class='ocrx_word' id='word_1_14' title='bbox 610 1101 825 1165; x_wconf 72' lang='lat' dir='ltr'>meme</span> <span class='ocrx_word' id='word_1_15' title='bbox 853 1100 1144 1164; x_wconf 76' lang='lat' dir='ltr'>maniere</span> <span class='ocrx_word' id='word_1_16' title='bbox 1168 1102 1233 1164; x_wconf 92' lang='lat' dir='ltr'>et</span> <span class='ocrx_word' id='word_1_17' title='bbox 1271 1100 1633 1166; x_wconf 87' lang='lat' dir='ltr'>condamne</span> <span class='ocrx_word' id='word_1_18' title='bbox 1674 1101 1713 1166; x_wconf 82' lang='grc'>6</span> <span class='ocrx_word' id='word_1_19' title='bbox 1742 1102 1807 1166; x_wconf 82' lang='grc'>16</span> <span class='ocrx_word' id='word_1_20' title='bbox 1839 1102 2057 1167; x_wconf 85' lang='grc'><strong>11161116</strong></span> <span class='ocrx_word' id='word_1_21' title='bbox 2104 1102 2290 1183; x_wconf 85' lang='lat' dir='ltr'>peine</span> <span class='ocrx_word' id='word_1_22' title='bbox 2336 1106 2427 1168; x_wconf 87' lang='lat' dir='ltr'>les</span> <span class='ocrx_word' id='word_1_23' title='bbox 2457 1103 2748 1187; x_wconf 76' lang='lat' dir='ltr'>Eveques</span> 
     </span>
     <span class='ocr_line' id='line_1_5' title="bbox 605 1215 2745 1300; baseline 0.001 -20"><span class='ocrx_word' id='word_1_24' title='bbox 605 1217 995 1298; x_wconf 82' lang='lat' dir='ltr'>suffragants</span> <span class='ocrx_word' id='word_1_25' title='bbox 1018 1217 1086 1280; x_wconf 88' lang='lat' dir='ltr'>ct</span> <span class='ocrx_word' id='word_1_26' title='bbox 1105 1216 1199 1280; x_wconf 91' lang='lat' dir='ltr'>les</span> <span class='ocrx_word' id='word_1_27' title='bbox 1221 1215 1416 1280; x_wconf 75' lang='grc'><strong>6111165</strong></span> <span class='ocrx_word' id='word_1_28' title='bbox 1444 1235 1580 1281; x_wconf 87' lang='lat' dir='ltr'>non</span> <span class='ocrx_word' id='word_1_29' title='bbox 1607 1219 1896 1297; x_wconf 87' lang='lat' dir='ltr'>exempts</span> <span class='ocrx_word' id='word_1_30' title='bbox 1921 1218 2062 1300; x_wconf 90' lang='lat' dir='ltr'>qui,</span> <span class='ocrx_word' id='word_1_31' title='bbox 2089 1217 2327 1282; x_wconf 72' lang='lat' dir='ltr'>invites</span> <span class='ocrx_word' id='word_1_32' title='bbox 2361 1237 2446 1281; x_wconf 89' lang='lat' dir='ltr'>au</span> <span class='ocrx_word' id='word_1_33' title='bbox 2472 1219 2745 1297; x_wconf 84' lang='lat' dir='ltr'>concile,</span> 
     </span>
     <span class='ocr_line' id='line_1_6' title="bbox 605 1330 2747 1413; baseline 0.001 -19"><span class='ocrx_word' id='word_1_34' title='bbox 605 1331 894 1395; x_wconf 75' lang='lat' dir='ltr'>refusent</span> <span class='ocrx_word' id='word_1_35' title='bbox 920 1330 1000 1395; x_wconf 92' lang='lat' dir='ltr'>de</span> <span class='ocrx_word' id='word_1_36' title='bbox 1026 1331 1120 1413; x_wconf 77' lang='lat' dir='ltr'>s’y</span> <span class='ocrx_word' id='word_1_37' title='bbox 1144 1331 1380 1397; x_wconf 81' lang='lat' dir='ltr'>rendre</span> <span class='ocrx_word' id='word_1_38' title='bbox 1424 1350 1509 1396; x_wconf 87' lang='grc'>611</span> <span class='ocrx_word' id='word_1_39' title='bbox 1554 1349 1900 1413; x_wconf 82' lang='lat' dir='ltr'>personne,</span> <span class='ocrx_word' id='word_1_40' title='bbox 1930 1350 2041 1409; x_wconf 88' lang='lat' dir='ltr'>ou,</span> <span class='ocrx_word' id='word_1_41' title='bbox 2070 1350 2155 1397; x_wconf 89' lang='lat' dir='ltr'>en</span> <span class='ocrx_word' id='word_1_42' title='bbox 2193 1350 2301 1397; x_wconf 86' lang='lat' dir='ltr'>cas</span> <span class='ocrx_word' id='word_1_43' title='bbox 2341 1332 2747 1413; x_wconf 64' lang='grc' dir='ltr'><strong>(16111ρό6116-</strong></span> 
     </span>
     <span class='ocr_line' id='line_1_7' title="bbox 601 1445 1689 1529; baseline 0 -18"><span class='ocrx_word' id='word_1_44' title='bbox 601 1448 810 1524; x_wconf 86' lang='lat' dir='ltr'>ment,</span> <span class='ocrx_word' id='word_1_45' title='bbox 842 1445 921 1511; x_wconf 90' lang='lat' dir='ltr'>de</span> <span class='ocrx_word' id='word_1_46' title='bbox 951 1448 1044 1527; x_wconf 79' lang='lat' dir='ltr'>s&#39;y</span> <span class='ocrx_word' id='word_1_47' title='bbox 1073 1446 1233 1511; x_wconf 84' lang='lat' dir='ltr'>faire</span> <span class='ocrx_word' id='word_1_48' title='bbox 1267 1446 1689 1529; x_wconf 55' lang='lat' dir='ltr'>representer.</span> 
     </span>
    </p>

    <p class='ocr_par' dir='ltr' id='par_1_4' title="bbox 596 1561 2745 2220">
     <span class='ocr_line' id='line_1_8' title="bbox 690 1561 2742 1644; baseline 0.003 -22"><span class='ocrx_word' id='word_1_49' title='bbox 690 1584 724 1622; x_wconf 75' lang='grc'>(1</span> <span class='ocrx_word' id='word_1_50' title='bbox 766 1562 1216 1643; x_wconf 77' lang='lat' dir='ltr'>suffraganeos</span> <span class='ocrx_word' id='word_1_51' title='bbox 1269 1564 1489 1627; x_wconf 88' lang='lat' dir='ltr'>autem</span> <span class='ocrx_word' id='word_1_52' title='bbox 1509 1608 1533 1640; x_wconf 94' lang='lat'>,</span> <span class='ocrx_word' id='word_1_53' title='bbox 1596 1562 1857 1627; x_wconf 80' lang='lat' dir='ltr'>abbates</span> <span class='ocrx_word' id='word_1_54' title='bbox 1912 1563 1975 1626; x_wconf 80' lang='grc'>61</span> <span class='ocrx_word' id='word_1_55' title='bbox 2025 1561 2189 1626; x_wconf 86' lang='lat' dir='ltr'>alios</span> <span class='ocrx_word' id='word_1_56' title='bbox 2259 1564 2549 1644; x_wconf 74' lang='lat' dir='ltr'>praelatos</span> <span class='ocrx_word' id='word_1_57' title='bbox 2605 1581 2742 1628; x_wconf 87' lang='lat' dir='ltr'>non</span> 
     </span>
     <span class='ocr_line' id='line_1_9' title="bbox 596 1676 2745 1765; baseline 0.004 -29"><span class='ocrx_word' id='word_1_58' title='bbox 596 1697 635 1736; x_wconf 70' lang='lat' dir='ltr'>n</span> <span class='ocrx_word' id='word_1_59' title='bbox 673 1678 999 1757; x_wconf 86' lang='lat' dir='ltr'>exemptos</span> <span class='ocrx_word' id='word_1_60' title='bbox 1032 1677 1170 1758; x_wconf 88' lang='lat' dir='ltr'>qui,</span> <span class='ocrx_word' id='word_1_61' title='bbox 1199 1676 1456 1741; x_wconf 84' lang='lat' dir='ltr'>invitati</span> <span class='ocrx_word' id='word_1_62' title='bbox 1484 1678 1569 1742; x_wconf 86' lang='lat' dir='ltr'>ad</span> <span class='ocrx_word' id='word_1_63' title='bbox 1608 1677 2007 1758; x_wconf 79' lang='lat' dir='ltr'>provinciale</span> <span class='ocrx_word' id='word_1_64' title='bbox 2034 1678 2414 1765; x_wconf 87' lang='lat' dir='ltr'>concilium,</span> <span class='ocrx_word' id='word_1_65' title='bbox 2446 1679 2745 1760; x_wconf 87' lang='lat' dir='ltr'>legitima</span> 
     </span>
     <span class='ocr_line' id='line_1_10' title="bbox 603 1792 2743 1875; baseline 0.004 -26"><span class='ocrx_word' id='word_1_66' title='bbox 603 1812 634 1849; x_wconf 71' lang='grc' dir='ltr'>ι)</span> <span class='ocrx_word' id='word_1_67' title='bbox 671 1809 804 1855; x_wconf 90' lang='lat' dir='ltr'>non</span> <span class='ocrx_word' id='word_1_68' title='bbox 833 1792 1218 1856; x_wconf 82' lang='lat' dir='ltr'>subsistente</span> <span class='ocrx_word' id='word_1_69' title='bbox 1259 1810 1451 1855; x_wconf 89' lang='lat' dir='ltr'>causa</span> <span class='ocrx_word' id='word_1_70' title='bbox 1487 1810 1600 1873; x_wconf 90' lang='lat' dir='ltr'>per</span> <span class='ocrx_word' id='word_1_71' title='bbox 1627 1810 1696 1857; x_wconf 90' lang='lat' dir='ltr'>se</span> <span class='ocrx_word' id='word_1_72' title='bbox 1722 1793 1830 1858; x_wconf 88' lang='lat' dir='ltr'>vel</span> <span class='ocrx_word' id='word_1_73' title='bbox 1861 1810 1976 1873; x_wconf 95' lang='lat' dir='ltr'>per</span> <span class='ocrx_word' id='word_1_74' title='bbox 1997 1793 2205 1875; x_wconf 83' lang='lat' dir='ltr'>alium</span> <span class='ocrx_word' id='word_1_75' title='bbox 2227 1792 2743 1874; x_wconf 24' lang='lat' dir='ltr'>quandofneces·</span> 
     </span>
     <span class='ocr_line' id='line_1_11' title="bbox 604 1907 2738 1988; baseline 0.002 -21"><span class='ocrx_word' id='word_1_76' title='bbox 604 1928 637 1966; x_wconf 64' lang='lat'>³»</span> <span class='ocrx_word' id='word_1_77' title='bbox 671 1907 821 1970; x_wconf 86' lang='lat' dir='ltr'>sitas</span> <span class='ocrx_word' id='word_1_78' title='bbox 860 1907 1182 1986; x_wconf 83' lang='lat' dir='ltr'>suaderet,</span> <span class='ocrx_word' id='word_1_79' title='bbox 1213 1907 1438 1971; x_wconf 89' lang='lat' dir='ltr'>venire</span> <span class='ocrx_word' id='word_1_80' title='bbox 1479 1908 1907 1988; x_wconf 82' lang='lat' dir='ltr'>neglexerint,</span> <span class='ocrx_word' id='word_1_81' title='bbox 1947 1926 2062 1988; x_wconf 88' lang='lat' dir='ltr'>per</span> <span class='ocrx_word' id='word_1_82' title='bbox 2102 1926 2213 1973; x_wconf 88' lang='lat' dir='ltr'>sex</span> <span class='ocrx_word' id='word_1_83' title='bbox 2240 1926 2497 1973; x_wconf 89' lang='lat' dir='ltr'>menses</span> <span class='ocrx_word' id='word_1_84' title='bbox 2525 1909 2611 1973; x_wconf 88' lang='lat' dir='ltr'>ab</span> <span class='ocrx_word' id='word_1_85' title='bbox 2638 1909 2738 1973; x_wconf 83' lang='lat' dir='ltr'>of-</span> 
     </span>
     <span class='ocr_line' id='line_1_12' title="bbox 598 2004 2741 2104; baseline 0.002 -22"><span class='ocrx_word' id='word_1_86' title='bbox 598 2047 630 2082; x_wconf 71' lang='lat'>»</span> <span class='ocrx_word' id='word_1_87' title='bbox 669 2022 798 2087; x_wconf 89' lang='lat' dir='ltr'>ficii</span> <span class='ocrx_word' id='word_1_88' title='bbox 838 2022 941 2086; x_wconf 91' lang='lat' dir='ltr'>sui</span> <span class='ocrx_word' id='word_1_89' title='bbox 983 2022 1357 2087; x_wconf 79' lang='lat' dir='ltr'>executione</span> <span class='ocrx_word' id='word_1_90' title='bbox 1408 2004 1753 2104; x_wconf 86' lang='lat' dir='ltr'>suspensos</span> <span class='ocrx_word' id='word_1_91' title='bbox 1797 2040 1936 2087; x_wconf 87' lang='lat' dir='ltr'>esse</span> <span class='ocrx_word' id='word_1_92' title='bbox 1975 2023 2343 2089; x_wconf 79' lang='lat' dir='ltr'>declaravit.</span> <span class='ocrx_word' id='word_1_93' title='bbox 2379 2048 2409 2084; x_wconf 66' lang='lat' dir='ltr'><em>w</em></span> <span class='ocrx_word' id='word_1_94' title='bbox 2469 2023 2741 2103; x_wconf 85' lang='lat' dir='ltr'>(Mansi,</span> 
     </span>
     <span class='ocr_line' id='line_1_13' title="bbox 596 2138 1825 2220; baseline -0.001 -18"><span class='ocrx_word' id='word_1_95' title='bbox 596 2138 1083 2220; x_wconf 76' lang='lat' dir='ltr'>supplementa</span> <span class='ocrx_word' id='word_1_96' title='bbox 1108 2138 1327 2213; x_wconf 87' lang='lat' dir='ltr'>Coleti,</span> <span class='ocrx_word' id='word_1_97' title='bbox 1361 2140 1407 2201; x_wconf 85' lang='grc'>1.</span> <span class='ocrx_word' id='word_1_98' title='bbox 1440 2142 1519 2212; x_wconf 90' lang='lat' dir='ltr'>V,</span> <span class='ocrx_word' id='word_1_99' title='bbox 1561 2156 1625 2219; x_wconf 88' lang='lat' dir='ltr'>p.</span> <span class='ocrx_word' id='word_1_100' title='bbox 1658 2141 1825 2213; x_wconf 68' lang='lat'>422.)</span> 
     </span>
    </p>

    <p class='ocr_par' dir='ltr' id='par_1_5' title="bbox 596 2253 2743 2567">
     <span class='ocr_line' id='line_1_14' title="bbox 680 2253 2742 2336; baseline -0.001 -18"><span class='ocrx_word' id='word_1_101' title='bbox 680 2259 849 2318; x_wconf 88' lang='lat' dir='ltr'>Dans</span> <span class='ocrx_word' id='word_1_102' title='bbox 875 2254 1267 2318; x_wconf 88' lang='lat' dir='ltr'>l&#39;allocution</span> <span class='ocrx_word' id='word_1_103' title='bbox 1296 2253 1411 2336; x_wconf 93' lang='lat' dir='ltr'>qui</span> <span class='ocrx_word' id='word_1_104' title='bbox 1438 2271 1644 2318; x_wconf 83' lang='lat' dir='ltr'>ouvre</span> <span class='ocrx_word' id='word_1_105' title='bbox 1685 2254 1746 2318; x_wconf 95' lang='lat' dir='ltr'>le</span> <span class='ocrx_word' id='word_1_106' title='bbox 1786 2254 2032 2318; x_wconf 83' lang='lat' dir='ltr'>concile</span> <span class='ocrx_word' id='word_1_107' title='bbox 2072 2253 2153 2318; x_wconf 90' lang='lat' dir='ltr'>de</span> <span class='ocrx_word' id='word_1_108' title='bbox 2180 2254 2399 2319; x_wconf 88' lang='lat' dir='ltr'>Reims</span> <span class='ocrx_word' id='word_1_109' title='bbox 2426 2254 2506 2318; x_wconf 90' lang='lat' dir='ltr'>de</span> <span class='ocrx_word' id='word_1_110' title='bbox 2553 2260 2742 2331; x_wconf 69' lang='lat'>1564,</span> 
     </span>
     <span class='ocr_line' id='line_1_15' title="bbox 596 2367 2743 2450; baseline 0 -17"><span class='ocrx_word' id='word_1_111' title='bbox 596 2371 695 2435; x_wconf 84' lang='lat' dir='ltr'>les</span> <span class='ocrx_word' id='word_1_112' title='bbox 722 2370 918 2433; x_wconf 79' lang='lat' dir='ltr'>abbes</span> <span class='ocrx_word' id='word_1_113' title='bbox 958 2370 1178 2434; x_wconf 83' lang='lat' dir='ltr'>furent</span> <span class='ocrx_word' id='word_1_114' title='bbox 1222 2367 1480 2450; x_wconf 78' lang='lat' dir='ltr'>appeles</span> <span class='ocrx_word' id='word_1_115' title='bbox 1521 2367 1559 2432; x_wconf 75' lang='lat' dir='ltr'>a</span> <span class='ocrx_word' id='word_1_116' title='bbox 1596 2368 1852 2433; x_wconf 85' lang='lat' dir='ltr'>donner</span> <span class='ocrx_word' id='word_1_117' title='bbox 1895 2369 2044 2432; x_wconf 89' lang='lat' dir='ltr'>leur</span> <span class='ocrx_word' id='word_1_118' title='bbox 2083 2369 2244 2445; x_wconf 87' lang='lat' dir='ltr'>avis,</span> <span class='ocrx_word' id='word_1_119' title='bbox 2288 2369 2368 2433; x_wconf 90' lang='lat' dir='ltr'>de</span> <span class='ocrx_word' id='word_1_120' title='bbox 2418 2368 2484 2434; x_wconf 89' lang='lat' dir='ltr'>la</span> <span class='ocrx_word' id='word_1_121' title='bbox 2521 2369 2743 2434; x_wconf 83' lang='grc'><strong>166166</strong></span> 
     </span>
     <span class='ocr_line' id='line_1_16' title="bbox 597 2482 2741 2567; baseline -0.001 -18"><span class='ocrx_word' id='word_1_122' title='bbox 597 2486 894 2549; x_wconf 77' lang='lat' dir='ltr'>maniere</span> <span class='ocrx_word' id='word_1_123' title='bbox 920 2504 1047 2567; x_wconf 90' lang='lat' dir='ltr'>que</span> <span class='ocrx_word' id='word_1_124' title='bbox 1090 2486 1181 2549; x_wconf 85' lang='lat' dir='ltr'>les</span> <span class='ocrx_word' id='word_1_125' title='bbox 1206 2484 1518 2567; x_wconf 71' lang='lat' dir='ltr'>EvequeS,</span> <span class='ocrx_word' id='word_1_126' title='bbox 1559 2503 1677 2548; x_wconf 85' lang='lat' dir='ltr'>sur</span> <span class='ocrx_word' id='word_1_127' title='bbox 1723 2484 1788 2550; x_wconf 91' lang='lat' dir='ltr'>la</span> <span class='ocrx_word' id='word_1_128' title='bbox 1814 2482 2177 2552; x_wconf 77' lang='lat' dir='ltr'>canonicite</span> <span class='ocrx_word' id='word_1_129' title='bbox 2206 2483 2286 2547; x_wconf 90' lang='lat' dir='ltr'>de</span> <span class='ocrx_word' id='word_1_130' title='bbox 2318 2484 2741 2548; x_wconf 84' lang='lat' dir='ltr'>l&#39;ouverture.</span> 
     </span>
    </p>

    <p class='ocr_par' dir='ltr' id='par_1_6' title="bbox 598 2599 2746 3029">
     <span class='ocr_line' id='line_1_17' title="bbox 693 2599 2745 2680; baseline 0.002 -20"><span class='ocrx_word' id='word_1_131' title='bbox 693 2623 724 2660; x_wconf 78' lang='grc' dir='ltr'>(ι</span> <span class='ocrx_word' id='word_1_132' title='bbox 749 2600 863 2663; x_wconf 89' lang='lat' dir='ltr'>His</span> <span class='ocrx_word' id='word_1_133' title='bbox 903 2600 1193 2680; x_wconf 84' lang='lat' dir='ltr'>peractis,</span> <span class='ocrx_word' id='word_1_134' title='bbox 1243 2599 1402 2662; x_wconf 81' lang='lat' dir='ltr'>dixit</span> <span class='ocrx_word' id='word_1_135' title='bbox 1440 2599 2018 2663; x_wconf 86' lang='lat' dir='ltr'>reverendissimus</span> <span class='ocrx_word' id='word_1_136' title='bbox 2062 2600 2591 2680; x_wconf 78' lang='lat' dir='ltr'>Metropolitanus</span> <span class='ocrx_word' id='word_1_137' title='bbox 2637 2599 2745 2664; x_wconf 90' lang='lat' dir='ltr'>die</span> 
     </span>
     <span class='ocr_line' id='line_1_18' title="bbox 598 2713 2739 2796; baseline 0.001 -21"><span class='ocrx_word' id='word_1_138' title='bbox 598 2736 636 2776; x_wconf 59' lang='lat' dir='ltr'>a&gt;</span> <span class='ocrx_word' id='word_1_139' title='bbox 670 2714 964 2796; x_wconf 87' lang='lat' dir='ltr'>sequenti</span> <span class='ocrx_word' id='word_1_140' title='bbox 1018 2713 1186 2777; x_wconf 88' lang='lat' dir='ltr'>nihil</span> <span class='ocrx_word' id='word_1_141' title='bbox 1229 2714 1411 2791; x_wconf 84' lang='lat' dir='ltr'>aliud</span> <span class='ocrx_word' id='word_1_142' title='bbox 1454 2714 1565 2795; x_wconf 86' lang='lat' dir='ltr'>agi</span> <span class='ocrx_word' id='word_1_143' title='bbox 1616 2732 1798 2795; x_wconf 83' lang='lat' dir='ltr'>posse</span> <span class='ocrx_word' id='word_1_144' title='bbox 1845 2732 2047 2796; x_wconf 87' lang='lat' dir='ltr'>quam</span> <span class='ocrx_word' id='word_1_145' title='bbox 2091 2716 2168 2778; x_wconf 90' lang='lat' dir='ltr'>ut</span> <span class='ocrx_word' id='word_1_146' title='bbox 2217 2714 2739 2780; x_wconf 86' lang='lat' dir='ltr'>reverendissimi</span> 
     </span>
     <span class='ocr_line' id='line_1_19' title="bbox 601 2830 2744 2912; baseline 0.002 -20"><span class='ocrx_word' id='word_1_147' title='bbox 601 2851 648 2892; x_wconf 73' lang='lat' dir='ltr'>n.</span> <span class='ocrx_word' id='word_1_148' title='bbox 668 2849 803 2895; x_wconf 81' lang='lat' dir='ltr'>suae</span> <span class='ocrx_word' id='word_1_149' title='bbox 843 2830 1186 2912; x_wconf 80' lang='lat' dir='ltr'>provinciae</span> <span class='ocrx_word' id='word_1_150' title='bbox 1232 2830 1525 2912; x_wconf 77' lang='lat' dir='ltr'>Episcopi</span> <span class='ocrx_word' id='word_1_151' title='bbox 1570 2832 1639 2894; x_wconf 89' lang='lat' dir='ltr'>et</span> <span class='ocrx_word' id='word_1_152' title='bbox 1687 2831 2029 2895; x_wconf 88' lang='lat' dir='ltr'>reverendi</span> <span class='ocrx_word' id='word_1_153' title='bbox 2079 2830 2630 2908; x_wconf 83' lang='lat' dir='ltr'>archimandritae‚</span> <span class='ocrx_word' id='word_1_154' title='bbox 2664 2848 2744 2896; x_wconf 90' lang='lat' dir='ltr'>ac</span> 
     </span>
     <span class='ocr_line' id='line_1_20' title="bbox 602 2945 2746 3029; baseline 0.002 -21"><span class='ocrx_word' id='word_1_155' title='bbox 602 2969 637 3008; x_wconf 68' lang='lat'>&gt;1</span> <span class='ocrx_word' id='word_1_156' title='bbox 668 2946 1115 3027; x_wconf 80' lang='lat' dir='ltr'>procuratores</span> <span class='ocrx_word' id='word_1_157' title='bbox 1142 2945 1512 3009; x_wconf 88' lang='lat' dir='ltr'>absentium</span> <span class='ocrx_word' id='word_1_158' title='bbox 1543 2947 1678 3010; x_wconf 88' lang='lat' dir='ltr'>suis</span> <span class='ocrx_word' id='word_1_159' title='bbox 1706 2946 2149 3029; x_wconf 85' lang='lat' dir='ltr'>significarent</span> <span class='ocrx_word' id='word_1_160' title='bbox 2187 2947 2526 3012; x_wconf 85' lang='lat' dir='ltr'>sententiis</span> <span class='ocrx_word' id='word_1_161' title='bbox 2552 2950 2746 3012; x_wconf 88' lang='lat' dir='ltr'>esset-</span> 
     </span>
    </p>
   </div>
   <div class='ocr_carea' id='block_1_4' title="bbox 584 3047 2843 3144">
    <p class='ocr_par' dir='ltr' id='par_1_7' title="bbox 584 3047 2843 3144">
     <span class='ocr_line' id='line_1_21' title="bbox 584 3047 2843 3144; baseline 0.002 -21"><span class='ocrx_word' id='word_1_162' title='bbox 584 3062 637 3123; x_wconf 63' lang='grc'>’11</span> <span class='ocrx_word' id='word_1_163' title='bbox 669 3080 753 3126; x_wconf 93' lang='grc'>66</span> <span class='ocrx_word' id='word_1_164' title='bbox 781 3062 1066 3144; x_wconf 84' lang='lat' dir='ltr'>legitime</span> <span class='ocrx_word' id='word_1_165' title='bbox 1090 3062 1537 3139; x_wconf 87' lang='lat' dir='ltr'>convocatum,</span> <span class='ocrx_word' id='word_1_166' title='bbox 1567 3063 2035 3144; x_wconf 85' lang='lat' dir='ltr'>congregatum</span> <span class='ocrx_word' id='word_1_167' title='bbox 2056 3063 2128 3127; x_wconf 87' lang='lat' dir='ltr'>et</span> <span class='ocrx_word' id='word_1_168' title='bbox 2154 3063 2454 3144; x_wconf 88' lang='lat' dir='ltr'>apertum</span> <span class='ocrx_word' id='word_1_169' title='bbox 2482 3064 2745 3144; x_wconf 84' lang='lat' dir='ltr'>provin·</span> <span class='ocrx_word' id='word_1_170' title='bbox 2835 3047 2843 3055; x_wconf 64' lang='grc'><strong>’</strong></span> 
     </span>
    </p>
   </div>
   <div class='ocr_carea' id='block_1_5' title="bbox 593 3176 2744 4525">
    <p class='ocr_par' dir='ltr' id='par_1_8' title="bbox 593 3176 2744 4410">
     <span class='ocr_line' id='line_1_22' title="bbox 598 3176 2744 3244; baseline 0.002 -6"><span class='ocrx_word' id='word_1_171' title='bbox 598 3199 634 3238; x_wconf 65' lang='lat'>0&gt;</span> <span class='ocrx_word' id='word_1_172' title='bbox 670 3177 828 3242; x_wconf 83' lang='lat' dir='ltr'>ciale</span> <span class='ocrx_word' id='word_1_173' title='bbox 850 3177 1215 3242; x_wconf 82' lang='lat' dir='ltr'>Rhemense</span> <span class='ocrx_word' id='word_1_174' title='bbox 1241 3176 1617 3241; x_wconf 86' lang='lat' dir='ltr'>concilium.</span> <span class='ocrx_word' id='word_1_175' title='bbox 1650 3198 1685 3236; x_wconf 84' lang='lat'>»</span> <span class='ocrx_word' id='word_1_176' title='bbox 1711 3181 1810 3241; x_wconf 90' lang='lat' dir='ltr'>On</span> <span class='ocrx_word' id='word_1_177' title='bbox 1837 3177 1911 3241; x_wconf 88' lang='lat' dir='ltr'>lit</span> <span class='ocrx_word' id='word_1_178' title='bbox 1927 3177 2089 3241; x_wconf 89' lang='lat' dir='ltr'>dans</span> <span class='ocrx_word' id='word_1_179' title='bbox 2111 3178 2206 3242; x_wconf 88' lang='lat' dir='ltr'>les</span> <span class='ocrx_word' id='word_1_180' title='bbox 2224 3181 2391 3243; x_wconf 82' lang='lat' dir='ltr'>actes</span> <span class='ocrx_word' id='word_1_181' title='bbox 2410 3179 2495 3243; x_wconf 92' lang='lat' dir='ltr'>du</span> <span class='ocrx_word' id='word_1_182' title='bbox 2521 3179 2744 3244; x_wconf 83' lang='grc'><strong>11161116</strong></span> 
     </span>
     <span class='ocr_line' id='line_1_23' title="bbox 593 3291 2740 3375; baseline 0 -16"><span class='ocrx_word' id='word_1_183' title='bbox 593 3293 844 3359; x_wconf 85' lang='lat' dir='ltr'>concile</span> <span class='ocrx_word' id='word_1_184' title='bbox 877 3312 894 3356; x_wconf 73' lang='grc' dir='ltr'>ε</span> <span class='ocrx_word' id='word_1_185' title='bbox 928 3313 967 3353; x_wconf 70' lang='grc' dir='ltr'><strong>α</strong></span> <span class='ocrx_word' id='word_1_186' title='bbox 1004 3295 1170 3355; x_wconf 87' lang='lat' dir='ltr'>Cum</span> <span class='ocrx_word' id='word_1_187' title='bbox 1216 3291 1500 3355; x_wconf 85' lang='lat' dir='ltr'>Rhemos</span> <span class='ocrx_word' id='word_1_188' title='bbox 1539 3291 1867 3356; x_wconf 85' lang='lat' dir='ltr'>venissent</span> <span class='ocrx_word' id='word_1_189' title='bbox 1894 3293 2138 3375; x_wconf 78' lang='lat' dir='ltr'>aliquot</span> <span class='ocrx_word' id='word_1_190' title='bbox 2187 3294 2535 3375; x_wconf 81' lang='lat' dir='ltr'>provinciae</span> <span class='ocrx_word' id='word_1_191' title='bbox 2566 3295 2740 3361; x_wconf 89' lang='lat' dir='ltr'>Rhe-</span> 
     </span>
     <span class='ocr_line' id='line_1_24' title="bbox 597 3406 2742 3488; baseline 0.002 -19"><span class='ocrx_word' id='word_1_192' title='bbox 597 3430 633 3469; x_wconf 71' lang='grc'>6</span> <span class='ocrx_word' id='word_1_193' title='bbox 672 3408 917 3471; x_wconf 88' lang='lat' dir='ltr'>mensis</span> <span class='ocrx_word' id='word_1_194' title='bbox 938 3407 1244 3488; x_wconf 85' lang='lat' dir='ltr'>Episcopi,</span> <span class='ocrx_word' id='word_1_195' title='bbox 1272 3407 1337 3471; x_wconf 88' lang='lat' dir='ltr'>et</span> <span class='ocrx_word' id='word_1_196' title='bbox 1362 3406 1740 3471; x_wconf 85' lang='lat' dir='ltr'>absentium</span> <span class='ocrx_word' id='word_1_197' title='bbox 1761 3408 2222 3488; x_wconf 86' lang='lat' dir='ltr'>Episcoporum</span> <span class='ocrx_word' id='word_1_198' title='bbox 2244 3410 2742 3474; x_wconf 81' lang='lat' dir='ltr'>canonicorum-</span> 
     </span>
     <span class='ocr_line' id='line_1_25' title="bbox 598 3520 2743 3603; baseline 0.001 -19"><span class='ocrx_word' id='word_1_199' title='bbox 598 3543 635 3583; x_wconf 64' lang='grc' dir='ltr'><strong>ο</strong></span> <span class='ocrx_word' id='word_1_200' title='bbox 669 3539 802 3603; x_wconf 84' lang='lat' dir='ltr'>que</span> <span class='ocrx_word' id='word_1_201' title='bbox 843 3522 982 3584; x_wconf 85' lang='lat' dir='ltr'>tam</span> <span class='ocrx_word' id='word_1_202' title='bbox 1018 3520 1494 3584; x_wconf 83' lang='lat' dir='ltr'>cathedralium</span> <span class='ocrx_word' id='word_1_203' title='bbox 1540 3539 1742 3603; x_wconf 89' lang='lat' dir='ltr'>quam</span> <span class='ocrx_word' id='word_1_204' title='bbox 1780 3523 2268 3603; x_wconf 80' lang='lat' dir='ltr'>collegiatarum</span> <span class='ocrx_word' id='word_1_205' title='bbox 2315 3524 2743 3589; x_wconf 86' lang='lat' dir='ltr'>ecclesiarum</span> 
     </span>
     <span class='ocr_line' id='line_1_26' title="bbox 597 3634 2744 3719; baseline 0.002 -21"><span class='ocrx_word' id='word_1_206' title='bbox 597 3660 633 3698; x_wconf 72' lang='grc' dir='ltr'>ο)</span> <span class='ocrx_word' id='word_1_207' title='bbox 675 3636 1142 3719; x_wconf 79' lang='lat' dir='ltr'>procuratoreS,</span> <span class='ocrx_word' id='word_1_208' title='bbox 1191 3636 1254 3698; x_wconf 90' lang='lat' dir='ltr'>et</span> <span class='ocrx_word' id='word_1_209' title='bbox 1303 3634 1550 3717; x_wconf 85' lang='lat' dir='ltr'>aliquot</span> <span class='ocrx_word' id='word_1_210' title='bbox 1596 3635 2128 3702; x_wconf 68' lang='lat' dir='ltr'>archimandritae</span> <span class='ocrx_word' id='word_1_211' title='bbox 2173 3656 2292 3702; x_wconf 87' lang='lat' dir='ltr'>seu</span> <span class='ocrx_word' id='word_1_212' title='bbox 2343 3639 2629 3716; x_wconf 70' lang='grc'><strong>66116165,</strong></span> <span class='ocrx_word' id='word_1_213' title='bbox 2673 3640 2744 3703; x_wconf 92' lang='grc'>61</span> 
     </span>
     <span class='ocr_line' id='line_1_27' title="bbox 598 3750 2741 3835; baseline 0.002 -22"><span class='ocrx_word' id='word_1_214' title='bbox 598 3777 630 3813; x_wconf 64' lang='lat' dir='ltr'>a»</span> <span class='ocrx_word' id='word_1_215' title='bbox 669 3752 1040 3817; x_wconf 74' lang='lat' dir='ltr'>absentium</span> <span class='ocrx_word' id='word_1_216' title='bbox 1078 3750 1321 3833; x_wconf 89' lang='lat' dir='ltr'>aliquot</span> <span class='ocrx_word' id='word_1_217' title='bbox 1347 3752 1818 3831; x_wconf 85' lang='lat' dir='ltr'>procuratores,</span> <span class='ocrx_word' id='word_1_218' title='bbox 1848 3752 1930 3817; x_wconf 89' lang='lat' dir='ltr'>ad</span> <span class='ocrx_word' id='word_1_219' title='bbox 1957 3753 2347 3835; x_wconf 86' lang='lat' dir='ltr'>provinciale</span> <span class='ocrx_word' id='word_1_220' title='bbox 2385 3754 2741 3818; x_wconf 83' lang='lat' dir='ltr'>concilium</span> 
     </span>
     <span class='ocr_line' id='line_1_28' title="bbox 602 3866 2741 3952; baseline 0.002 -24"><span class='ocrx_word' id='word_1_221' title='bbox 602 3890 634 3928; x_wconf 69' lang='grc'>»1</span> <span class='ocrx_word' id='word_1_222' title='bbox 670 3869 751 3932; x_wconf 81' lang='lat' dir='ltr'>ab</span> <span class='ocrx_word' id='word_1_223' title='bbox 799 3866 1232 3931; x_wconf 81' lang='lat' dir='ltr'>illustrissimo</span> <span class='ocrx_word' id='word_1_224' title='bbox 1268 3867 1334 3929; x_wconf 89' lang='lat' dir='ltr'>et</span> <span class='ocrx_word' id='word_1_225' title='bbox 1379 3866 1924 3932; x_wconf 87' lang='lat' dir='ltr'>reverendissimo</span> <span class='ocrx_word' id='word_1_226' title='bbox 1975 3868 2293 3932; x_wconf 85' lang='lat' dir='ltr'>cardinali</span> <span class='ocrx_word' id='word_1_227' title='bbox 2321 3894 2322 3897; x_wconf 40' lang='lat'>¹</span> <span class='ocrx_word' id='word_1_228' title='bbox 2348 3869 2741 3952; x_wconf 82' lang='lat' dir='ltr'>Lotharingo</span> 
     </span>
     <span class='ocr_line' id='line_1_29' title="bbox 596 3981 2741 4066; baseline 0.002 -23"><span class='ocrx_word' id='word_1_229' title='bbox 596 4004 632 4043; x_wconf 71' lang='grc' dir='ltr'><strong>ο</strong></span> <span class='ocrx_word' id='word_1_230' title='bbox 667 3986 981 4066; x_wconf 85' lang='lat' dir='ltr'>tanquam</span> <span class='ocrx_word' id='word_1_231' title='bbox 1032 3981 1382 4048; x_wconf 89' lang='lat' dir='ltr'>Rbemensi</span> <span class='ocrx_word' id='word_1_232' title='bbox 1430 3981 1927 4064; x_wconf 83' lang='lat' dir='ltr'>Archiepiscopo</span> <span class='ocrx_word' id='word_1_233' title='bbox 1975 3985 2042 4047; x_wconf 89' lang='grc'>61</span> <span class='ocrx_word' id='word_1_234' title='bbox 2088 3984 2601 4063; x_wconf 76' lang='lat' dir='ltr'>Metropolitano,</span> <span class='ocrx_word' id='word_1_235' title='bbox 2647 3983 2741 4048; x_wconf 88' lang='lat' dir='ltr'>eis</span> 
     </span>
     <span class='ocr_line' id='line_1_30' title="bbox 598 4096 2739 4179; baseline 0.002 -20"><span class='ocrx_word' id='word_1_236' title='bbox 598 4118 637 4158; x_wconf 61' lang='lat' dir='ltr'>a</span> <span class='ocrx_word' id='word_1_237' title='bbox 670 4097 994 4162; x_wconf 82' lang='lat' dir='ltr'>indictum</span> <span class='ocrx_word' id='word_1_238' title='bbox 1022 4115 1097 4162; x_wconf 92' lang='lat' dir='ltr'>ac</span> <span class='ocrx_word' id='word_1_239' title='bbox 1122 4096 1586 4179; x_wconf 82' lang='lat' dir='ltr'>significatum,</span> <span class='ocrx_word' id='word_1_240' title='bbox 1615 4096 1832 4160; x_wconf 88' lang='lat' dir='ltr'>visum</span> <span class='ocrx_word' id='word_1_241' title='bbox 1862 4099 1960 4162; x_wconf 85' lang='grc'>651</span> <span class='ocrx_word' id='word_1_242' title='bbox 2003 4097 2218 4162; x_wconf 86' lang='lat' dir='ltr'>eidem</span> <span class='ocrx_word' id='word_1_243' title='bbox 2258 4099 2739 4179; x_wconf 65' lang='lat' dir='ltr'>metropolitano</span> 
     </span>
     <span class='ocr_line' id='line_1_31' title="bbox 596 4211 2735 4295; baseline 0.003 -23"><span class='ocrx_word' id='word_1_244' title='bbox 596 4233 633 4272; x_wconf 74' lang='lat' dir='ltr'>o</span> <span class='ocrx_word' id='word_1_245' title='bbox 669 4215 732 4278; x_wconf 88' lang='grc'>61</span> <span class='ocrx_word' id='word_1_246' title='bbox 750 4229 889 4276; x_wconf 71' lang='grc'><strong>51116</strong></span> <span class='ocrx_word' id='word_1_247' title='bbox 919 4213 1262 4294; x_wconf 62' lang='lat' dir='ltr'>provincia}</span> <span class='ocrx_word' id='word_1_248' title='bbox 1303 4211 1630 4294; x_wconf 82' lang='lat' dir='ltr'>Episcopis</span> <span class='ocrx_word' id='word_1_249' title='bbox 1664 4213 1738 4275; x_wconf 83' lang='lat' dir='ltr'>ut</span> <span class='ocrx_word' id='word_1_250' title='bbox 1773 4212 1845 4276; x_wconf 90' lang='lat' dir='ltr'>in</span> <span class='ocrx_word' id='word_1_251' title='bbox 1874 4211 2080 4276; x_wconf 85' lang='lat' dir='ltr'>valvis</span> <span class='ocrx_word' id='word_1_252' title='bbox 2106 4213 2391 4277; x_wconf 83' lang='lat' dir='ltr'>ecclesiae</span> <span class='ocrx_word' id='word_1_253' title='bbox 2414 4215 2735 4295; x_wconf 84' lang='lat' dir='ltr'>metropo-</span> 
     </span>
     <span class='ocr_line' id='line_1_32' title="bbox 601 4327 2736 4410; baseline 0.002 -24"><span class='ocrx_word' id='word_1_254' title='bbox 601 4348 633 4386; x_wconf 68' lang='grc'>1»</span> <span class='ocrx_word' id='word_1_255' title='bbox 667 4327 961 4391; x_wconf 84' lang='lat' dir='ltr'>litanae...</span> <span class='ocrx_word' id='word_1_256' title='bbox 994 4327 1365 4409; x_wconf 84' lang='lat' dir='ltr'>affigeretur</span> <span class='ocrx_word' id='word_1_257' title='bbox 1388 4344 1828 4408; x_wconf 82' lang='lat' dir='ltr'>programma,</span> <span class='ocrx_word' id='word_1_258' title='bbox 1861 4327 2034 4391; x_wconf 84' lang='lat' dir='ltr'>etc...</span> <span class='ocrx_word' id='word_1_259' title='bbox 2063 4349 2096 4386; x_wconf 72' lang='lat' dir='ltr'>n</span> <span class='ocrx_word' id='word_1_260' title='bbox 2131 4327 2479 4408; x_wconf 80' lang='lat' dir='ltr'>(Odespun,</span> <span class='ocrx_word' id='word_1_261' title='bbox 2508 4347 2572 4410; x_wconf 88' lang='lat' dir='ltr'>p.</span> <span class='ocrx_word' id='word_1_262' title='bbox 2607 4332 2736 4407; x_wconf 84' lang='lat'>11.)</span> 
     </span>
    </p>

    <p class='ocr_par' dir='ltr' id='par_1_9' title="bbox 680 4439 2739 4525">
     <span class='ocr_line' id='line_1_33' title="bbox 680 4439 2739 4525; baseline 0 -20"><span class='ocrx_word' id='word_1_263' title='bbox 680 4440 936 4506; x_wconf 85' lang='lat' dir='ltr'>L’ordre</span> <span class='ocrx_word' id='word_1_264' title='bbox 965 4441 1042 4505; x_wconf 89' lang='lat' dir='ltr'>de</span> <span class='ocrx_word' id='word_1_265' title='bbox 1067 4442 1306 4506; x_wconf 84' lang='lat' dir='ltr'>session</span> <span class='ocrx_word' id='word_1_266' title='bbox 1332 4460 1500 4523; x_wconf 89' lang='lat' dir='ltr'>pour</span> <span class='ocrx_word' id='word_1_267' title='bbox 1528 4443 1617 4506; x_wconf 90' lang='lat' dir='ltr'>les</span> <span class='ocrx_word' id='word_1_268' title='bbox 1642 4439 1836 4504; x_wconf 76' lang='lat' dir='ltr'>abbes</span> <span class='ocrx_word' id='word_1_269' title='bbox 1864 4443 1960 4505; x_wconf 89' lang='lat' dir='ltr'>est</span> <span class='ocrx_word' id='word_1_270' title='bbox 1988 4443 2152 4507; x_wconf 91' lang='lat' dir='ltr'>ainsi</span> <span class='ocrx_word' id='word_1_271' title='bbox 2182 4443 2453 4525; x_wconf 74' lang='lat' dir='ltr'>marque</span> <span class='ocrx_word' id='word_1_272' title='bbox 2482 4463 2500 4507; x_wconf 89' lang='lat'>:</span> <span class='ocrx_word' id='word_1_273' title='bbox 2537 4465 2569 4502; x_wconf 88' lang='lat'>«</span> <span class='ocrx_word' id='word_1_274' title='bbox 2595 4444 2739 4507; x_wconf 86' lang='lat' dir='ltr'>Post</span> 
     </span>
    </p>
   </div>
   <div class='ocr_carea' id='block_1_6' title="bbox 543 4554 2736 4672">
    <p class='ocr_par' dir='ltr' id='par_1_10' title="bbox 543 4554 2736 4672">
     <span class='ocr_line' id='line_1_34' title="bbox 543 4554 2736 4672; baseline 0.003 -57"><span class='ocrx_word' id='word_1_275' title='bbox 543 4656 558 4672; x_wconf 46' lang='lat'><strong>·</strong></span> <span class='ocrx_word' id='word_1_276' title='bbox 595 4578 630 4615; x_wconf 59' lang='lat' dir='ltr'>a</span> <span class='ocrx_word' id='word_1_277' title='bbox 666 4573 776 4621; x_wconf 89' lang='lat' dir='ltr'>eos</span> <span class='ocrx_word' id='word_1_278' title='bbox 804 4556 919 4634; x_wconf 88' lang='lat' dir='ltr'>(les</span> <span class='ocrx_word' id='word_1_279' title='bbox 948 4554 1260 4638; x_wconf 74' lang='lat' dir='ltr'>Eveques)</span> <span class='ocrx_word' id='word_1_280' title='bbox 1287 4558 1569 4622; x_wconf 87' lang='lat' dir='ltr'>scamnis</span> <span class='ocrx_word' id='word_1_281' title='bbox 1598 4556 1899 4629; x_wconf 75' lang='lat' dir='ltr'>similiter</span> <span class='ocrx_word' id='word_1_282' title='bbox 1927 4558 2169 4640; x_wconf 80' lang='lat' dir='ltr'>paratis</span> <span class='ocrx_word' id='word_1_283' title='bbox 2191 4557 2736 4622; x_wconf 84' lang='lat' dir='ltr'>archimandritas</span> 
     </span>
    </p>
   </div>
  </div>
 </body>
</html>
