3038 5623
198 771 638 833 ornan-mus
687 783 788 829 nn·
842 783 1142 829 con-cm:
1201 783 1444 846 PROV.‚
1486 781 1637 828 E'rc.
1849 758 1990 830 529

868 1191 971 1250 ΙΙΙ.

0 1470 203 1581 ¹ignan
233 1502 329 1563 est
350 1518 445 1562 un
468 1499 580 1562 des
605 1498 966 1562 canonistes
992 1497 1105 1580 qui
1134 1499 1248 1561 ont
1269 1497 1455 1561 traite
1484 1516 1638 1563 avec
1666 1500 1724 1563 le
1753 1501 1896 1581 plus
1924 1500 2002 1565 de

0 1614 183 1679 :ision
222 1617 287 1679 et
329 1615 669 1679 d’etendue
718 1632 789 1677 ce
830 1614 945 1695 qui
989 1632 1303 1677 concerno
1344 1614 1405 1678 le
1457 1615 1700 1679 concile
1743 1617 2004 1696 provin—

8 1749 27 1809 3
76 1730 141 1793 et
177 1731 457 1812 quoique
504 1748 624 1793 son
664 1729 1159 1810 enseignement
1206 1729 1327 1792 soit
1368 1729 1526 1792 d'un
1574 1731 1782 1811 grand
1831 1732 2010 1812 poids

0 1865 33 1908 r
62 1846 269 1908 toutes
296 1846 388 1908 les
415 1845 746 1926 questions
773 1844 853 1908 de
881 1844 1051 1908 droit
1077 1845 1577 1927 ecclesiastique,
1616 1847 1662 1910 il
1691 1849 1786 1911 est
1815 1847 2013 1911 nean-

0 1979 87 2024 ‘ns
130 1960 275 2042 plus
316 1960 906 2042 particulierement
942 1959 1063 2023 cite
1105 1978 1273 2041 pour
1308 1961 1402 2024 les
1444 1962 1749 2026 matieres
1793 1964 2010 2028 conci-

0 2093 107 2139 res,
141 2080 223 2140 Le
251 2076 536 2140 cardinal
567 2077 775 2155 Petra,
805 2077 1189 2139 Thomassin
1219 2078 1285 2140 et
1308 2077 1630 2157 plusieurs
1659 2080 1876 2142 autres
1907 2097 2018 2142 re-

0 2190 338 2254 imandent
382 2190 461 2254 de
510 2192 571 2254 le
620 2192 984 2270 consulter,
1038 2193 1290 2255 surtout
1338 2210 1502 2272 pour
1546 2193 1637 2255 les
1685 2193 2019 2274 questions

0 2306 175 2369 [tives
211 2324 337 2390 aux¹
369 2307 675 2387 synodos,
706 2309 774 2370 in
801 2308 1081 2370 materiis
1118 2307 1556 2371 conciliaribus
1593 2309 1846 2370 omnino
1880 2327 2021 2371 con-

0 2421 183 2484 radus.
218 2427 302 2485 La
325 2421 561 2502 charge
585 2421 663 2485 de
694 2420 1032 2486 secretaire
1056 2421 1134 2485 de
1158 2424 1222 2485 13
1243 2422 1711 2504 congregation
1737 2423 1848 2487 des
1875 2429 2020 2488 Car-

0 2536 529 2618 aux-interpretes
558 2537 717 2618 qu’il
744 2538 1007 2617 remplit
1034 2538 1321 2618 pendant
1343 2538 1423 2601 de
1451 2539 1724 2619 longues
1753 2539 2015 2620 anneeS,

10 2653 181 2715 avait
212 2651 427 2716 donne
466 2653 529 2715 la
566 2652 799 2716 facilite
832 2653 1193 2735 d'acquerir
1232 2672 1315 2717 en
1348 2672 1419 2717 ce
1459 2672 1658 2735 genre
1701 2653 1812 2717 des
1859 2672 2014 2717 con-

0 2785 248 2832 5530005
284 2768 431 2849 plus
468 2767 830 2849 completeS.
873 2769 1032 2833 C’est
1061 2787 1221 2851 pour
1252 2788 1355 2834 ces
1395 2770 1644 2834 raisons
1681 2788 1806 2852 que
1851 2788 2017 2834 nous

3 2903 80 2948 ns
107 2903 225 2948 cru
254 2884 478 2949 devoir
504 2884 879 2966 reproduire
906 2885 988 2948 ici
1018 2904 1290 2968 presque
1319 2905 1403 2950 en
1433 2887 1642 2950 entier
1667 2887 1726 2949 le
1755 2903 2016 2969 passage

5 3000 53 3062 il
83 3000 268 3063 traite
303 2999 381 3063 de
413 3000 734 3064 l'autorite
769 3000 859 3063 du
890 3002 1131 3064 concile
1170 3002 1524 3082 provincial
1561 3004 1625 3064 et
1661 3002 1770 3065 des
1809 3002 2022 3066 divers

0 3118 87 3179 ets
110 3117 269 3197 qu'il
288 3120 440 3196 peut
458 3117 684 3180 traiter
706 3118 770 3180 et
788 3116 1061 3180 decidet.
1084 3121 1255 3180 Nous
1281 3117 1430 3179 n'en
1455 3117 1870 3197 supprimons
1895 3136 2022 3200 que

0 3233 102 3314 qui
133 3233 414 3296 n'aurait
437 3233 581 3314 plus
609 3232 1052 3314 d'application
1084 3231 1524 3311 auJourd'hui.

0 3348 500 3430 [Exequendum
540 3351 636 3412 est
687 3351 836 3412 ante
885 3348 1108 3411 omnia
1156 3348 1326 3429 quod
1380 3366 1635 3410 sacrum
1675 3349 2025 3412 concilium

0 3463 348 3527 dentinum
378 3463 457 3527 ad
490 3465 873 3546 populorum
902 3462 1392 3526 aedificationem
1417 3465 1480 3527 et
1515 3464 1844 3527 catholicae
1875 3463 2026 3527 fidei

0 3579 263 3643 asidium
290 3580 590 3661 praecepit
610 3579 677 3643 in
704 3580 907 3661 capite
928 3588 989 3656 2,
1012 3597 1163 3643 5055.
1194 3586 1312 3641 25:
1347 3597 1583 3660 nempe
1613 3581 1778 3643 utin
1811 3580 2026 3660 prima

0 3695 135 3759 [odo
167 3696 544 3775 provinciali
568 3714 793 3759 omnes
826 3695 1039 3776 palam
1074 3694 1387 3775 recipiant
1428 3693 1651 3757 omnia
1678 3695 1742 3756 et
1770 3694 2028 3773 singula

0 3829 33 3874 e
72 3811 144 3874 in
190 3811 417 3875 eodem
448 3812 719 3875 concilio
745 3810 1120 3874 Tridentino
1168 3810 1433 3872 definita
1469 3810 1534 3871 et
1573 3810 1808 3871 statuta
1841 3810 1993 3871 sunt
2004 3827 2024 3887 ;

0 3945 148 3990 :non
171 3946 393 3991 veram
428 3926 854 3991 obedientiam
896 3944 1155 3990 summo
1184 3931 1475 3989 Romano
1507 3924 1793 3987 Pontifici
1841 3941 2032 4003 spon-

0 4043 90 4104 [nt
123 4043 189 4105 et
220 4043 713 4123 profiteantur...
762 4042 821 4105 Si
870 4060 998 4124 qua
1037 4042 1106 4103 in
1152 4040 1481 4122 provincia
1529 4038 1740 4103 adhuc
1785 4039 2029 4101 factum

0 4176 30 4219 1
76 4158 499 4236 est,tomnino
526 4157 1020 4239 quamprimum
1062 4157 1175 4238 fiat
1208 4158 1272 4219 et
1313 4156 1383 4217 in
1422 4154 1697 4235 singulis
1721 4153 2035 4217 habendis

0 4272 160 4336 nodis
193 4273 488 4352 iteretur,
531 4274 797 4354 repetita
836 4273 1065 4336 saltem
1105 4271 1253 4335 fidei
1281 4270 1673 4353 professione
1692 4273 1876 4352 juxta
1900 4270 2033 4333 for-

0 4389 147 4450 rlam
179 4405 217 4451 a
242 4387 397 4452 Sede
426 4388 769 4468 apostolica
791 4388 1254 4469 praescriptam.

0 4534 4 4554 ›
40 4506 173 4568 Hoc
196 4503 487 4584 primum
516 4505 798 4584 peracto,
828 4502 907 4565 ad
936 4501 1350 4584 corrigendos
1373 4520 1664 4567 excessus
1691 4502 1755 4564 et
1783 4502 2034 4565 contro-

1669 4616 1744 4669 34
