3038 5623
373 800 669 849 CONCILE
723 805 936 852 PRov.
977 805 1110 851 PAR
1159 806 1483 853 RAPPORT
1531 805 1626 852 ΛΠ
1679 790 2144 853 SAINT-SOEGE.
2253 785 2398 856 379

264 941 436 1006 dum
462 942 669 1024 ipsam
692 962 870 1008 nunc
904 945 1172 1025 ,iubente
1201 945 1427 1010 eodem
1457 945 1863 1010 sanctissimo
1890 945 2153 1010 domino
2179 946 2398 1010 nostro

273 1057 699 1138 remittenteS,
742 1060 1018 1141 paucula
1050 1060 1382 1143 quaedam,
1436 1077 1582 1143 quae
1621 1061 2009 1124 notaverunt
2063 1061 2130 1123 in
2175 1060 2404 1143 synodi

271 1172 590 1254 praedictae
622 1175 939 1256 margine,
973 1177 1042 1239 ut
1074 1175 1345 1253 videbis,
1369 1175 1787 1240 describenda
1819 1174 2213 1239 curavimus
2243 1180 2407 1253 Qua-

271 1307 426 1352 rum
446 1290 844 1353 notationem
880 1293 1249 1373 exemplum
1287 1310 1440 1356 cum
1470 1291 1573 1354 his
1614 1290 1694 1353 ad
1722 1308 1868 1354 eam
1896 1290 2127 1354 litteris
2156 1308 2407 1372 separa·

273 1404 392 1467 tim
427 1423 564 1468 esse
603 1405 959 1485 voluimus,
998 1409 1072 1470 ut
1113 1408 1396 1490 synodus
1444 1407 1602 1489 ipsa,
1655 1406 1760 1487 pia
1801 1406 2250 1486 amplitudinis
2277 1409 2404 1471 tuae

266 1536 465 1599 opera
492 1522 558 1583 et
584 1520 825 1599 studio,
866 1522 947 1586 ad
988 1523 1278 1604 ipsarum
1315 1522 1957 1586 animadversionum
1988 1521 2405 1603 praescriptio-

276 1651 432 1697 nem
472 1635 686 1715 aptata
728 1635 958 1700 edatur
1001 1638 1193 1719 atque
1244 1636 1606 1701 executioni
1662 1635 2079 1700 mandetur...
2138 1640 2358 1700 Romae
2378 1684 2400 1715 ,

268 1747 373 1811 die
396 1756 436 1810 4
470 1750 627 1813 maii
652 1757 830 1814 1586.
854 1773 886 1810 n
924 1751 1265 1832 (Odespun,
1295 1770 1359 1833 p.
1386 1755 1554 1830 508.)

355 1864 598 1928 Concile
623 1866 695 1928 de
725 1867 1028 1931 Toulouse
1051 1885 1129 1930 en
1157 1874 1335 1931 1590.
1362 1867 1571 1932 Lettre
1594 1867 1666 1930 de
1682 1867 2067 1947 publication
2091 1867 2192 1930 des
2215 1874 2397 1930 acles.

274 2012 350 2027 -
381 2002 413 2040 ε(
441 1984 575 2045 Hoc
602 1980 881 2063 denique
913 1983 993 2061 (le
1019 1982 1261 2047 concile
1299 1985 1496 2065 qu’on
1524 1985 1763 2064 publie)
1794 1982 2176 2064 gravissima
2223 1999 2403 2045 sanc·

266 2095 641 2177 tissimaque
668 2097 1013 2178 apostolica
1040 2098 1215 2162 Sedis
1243 2099 1583 2163 auctoritas
1614 2097 2069 2180 comprobavit.
2097 2121 2127 2156 »
2184 2096 2398 2175 abed„

271 2228 336 2290 p.
360 2217 389 2271 1
403 2213 574 2290 322.)

350 2327 594 2390 Concile
611 2328 683 2390 de
713 2328 1048 2394 Narbonae
1076 2329 1149 2392 de
1176 2335 1353 2392 1609.
1382 2363 1461 2374 -
1488 2349 1525 2387 t(
1551 2332 1982 2408 Quaecumque
2001 2343 2040 2389 a
2068 2325 2256 2389 nobis
2280 2343 2397 2405 pro

267 2459 545 2505 munere
573 2444 797 2507 nostro
834 2445 897 2506 et
937 2442 1196 2524 injuriae
1223 2442 1534 2523 temporis
1584 2441 1832 2505 ratione
1870 2440 2113 2519 habita,
2148 2442 2401 2504 mature

263 2558 615 2621 constituta
638 2560 816 2637 sunt,
848 2577 1002 2641 qua,
1042 2559 1111 2621 in
1142 2559 1263 2623 hac
1291 2560 1508 2622 nostra
1534 2555 1776 2640 synodo
1812 2555 2101 2637 legitime
2128 2573 2399 2637 congre-

265 2674 440 2753 gata,
472 2672 786 2737 debemus
814 2672 1175 2738 humilitate
1196 2674 1262 2738 et
1282 2672 1647 2737 obedientia
1675 2690 2038 2754 possumus,
2069 2669 2401 2735 sanctissi-

265 2788 359 2852 mi
391 2787 641 2853 domini
664 2788 870 2853 nostri
897 2793 1080 2871 Papae
1100 2790 1164 2854 et
1187 2790 1415 2855 sanctae
1443 2793 1747 2854 Romanae
1768 2789 2084 2868 Eoclesiae,
2102 2788 2403 2853 omnium

265 2905 696 2970 Ecclesiamm
728 2906 953 2969 matris
972 2907 1036 2969 et
1059 2905 1383 2987 magistrae
1414 2905 1740 2986 (jndicio),
1769 2905 2174 2985 subjicimus,
2198 2905 2281 2967 ab
2304 2921 2403 2967 ea-

264 3020 417 3085 dem
436 3022 746 3101 perpetuo
758 3020 1165 3084 emendanda
1177 3023 1240 3084 et
1252 3019 1654 3102 corrigenda,
1674 3020 1753 3084 ad
1769 3020 1877 3084 Dei
1892 3020 2119 3100 optimi
2134 3019 2399 3083 maximi

264 3134 585 3199 honorem
605 3137 670 3200 et
687 3135 958 3217 gloriam
985 3136 1466 3216 sempiternam.
1503 3158 1534 3195 »
1577 3135 1919 3216 (Odespun,
1950 3153 2014 3215 p.
2039 3138 2205 3215 619.)

344 3251 557 3313 Lettre
575 3249 666 3313 du
684 3250 975 3314 cardinal
996 3250 1290 3332 Arigoni,
1310 3268 1395 3314 au
1422 3268 1580 3313 nom
1608 3250 1688 3314 de
1716 3250 1779 3312 la
1801 3247 2261 3331 congregation
2292 3248 2404 3313 des

255 3364 1070 3446 caminam-interpretes,
1102 3399 1184 3414 -
1222 3388 1253 3426 a
1282 3369 1406 3430 Nos
1434 3365 1768 3446 presbyter
1810 3364 2154 3428 cardinalis
2181 3365 2403 3445 Arigo-

248 3480 445 3558 nius»,
475 3479 673 3544 fidem
699 3480 976 3545 facimus
993 3481 1246 3546 decreta
1276 3480 1641 3561 supradicta
1665 3479 1731 3542 in
1763 3477 2141 3560 provinciali
2161 3478 2402 3560 synodo

235 3597 663 3661 Narbonensi
680 3598 986 3675 confecta,
1016 3615 1055 3661 a
1074 3613 1251 3661 sacra
1275 3595 1769 3677 congregatione
1796 3593 2233 3658 cardinalium
2253 3611 2403 3657 oon-

227 3711 307 3776 ci
316 3711 394 3775 lii
408 3711 772 3776 Tridentini
800 3712 1228 3792 interpretum
1241 3711 1603 3789 emendata,
1630 3709 1960 3792 recognita
1971 3710 2163 3791 atque
2185 3709 2401 3789 aptata

216 3825 481 3891 fuisse.
514 3848 545 3885 n

332 3942 553 4005 Lettre
582 3941 662 4005 de
691 3941 1102 4022 publication.
1126 3975 1208 3991 --
1236 3962 1271 4001 ι(
1299 3944 1431 4004 Hac
1451 3938 1693 4021 synodo
1722 3938 2097 4020 provinciali
2119 3941 2398 4018 peracta,

204 4056 437 4123 illius
494 4056 748 4121 decreta
774 4056 1106 4138 aliquanto
1151 4057 1292 4137 post
1331 4056 1618 4136 tempore
1663 4059 1937 4119 Romam
1971 4053 2053 4117 ad
2081 4054 2403 4118 sanctissi-

198 4188 454 4239 mum
482 4170 827 4234 dominum
857 4174 1150 4235 nostrum
1181 4176 1444 4252 Papam,
1475 4172 1844 4251 sanctaeque
1865 4174 1940 4233 R.
1972 4173 2042 4233 E.
2078 4187 2398 4251 purpura-

187 4291 350 4355 tos
385 4285 595 4365 patres
625 4284 925 4349 misimus
945 4334 967 4365 ,
1001 4288 1078 4349 ut
1103 4286 1184 4349 ab
1211 4286 1452 4351 eisdem
1479 4285 1560 4349 de
1589 4284 1892 4350 mandato
1922 4286 2164 4349 summi
2194 4285 2401 4349 Ponti-

174 4401 402 4472 ficis
424 4400 793 4464 examinata
804 4404 870 4465 et
895 4402 1244 4483 approbata
1271 4401 1342 4465 in
1367 4402 1583 4466 lucem
1611 4399 1967 4482 prodirent,
1988 4402 2054 4465 et
2076 4403 2395 4483 majorem

168 4516 510 4588 cunctis
533 4516 844 4582 afferrent
869 4516 1378 4582 venerationem.
1404 4520 1569 4582 Cum
1594 4534 1751 4598 ergo
1776 4535 1921 4601 quae
1947 4516 2019 4581 in
2048 4517 2217 4581 dicta
2242 4534 2393 4581 nos-
