3038 5623
598 783 741 854 328
1292 790 1680 854 ΤιιοιεῐὲΜΕ
1731 809 2009 856 PAn‘rnz.

596 946 831 1023 saveir,
855 964 928 1011 ce
956 947 1069 1029 qui
1088 947 1304 1013 ari-iva
1333 965 1419 1012 au
1449 951 1619 1031 sujet
1644 950 1721 1013 de
1753 951 1912 1014 Paul
1934 950 2015 1014 de
2034 953 2382 1031 Samosate,
2414 953 2533 1035 qui
2565 954 2723 1017 avait

595 1058 696 1124 ete
724 1061 953 1143 depose
982 1080 1100 1143 par
1121 1063 1181 1127 le
1202 1064 1446 1128 concile
1483 1064 1893 1145 d'Antiocbe‚
1917 1066 1985 1129 et
2026 1065 2187 1130 dont
2210 1066 2458 1132 Eusebe
2493 1067 2575 1132 de
2619 1068 2723 1131 Ge-

594 1176 777 1241 saree
807 1178 986 1257 parle
1026 1195 1108 1241 en
1152 1196 1256 1242 ces
1283 1179 1570 1243 termes:
2198 1178 2203 1182 ’
2737 1153 2743 1158 ’

685 1314 718 1353 α
741 1296 986 1356 Verum
1009 1312 1162 1357 cum
1191 1295 1426 1358 Paulus
1451 1312 1530 1359 ex
1555 1295 1842 1376 Episcopi
1882 1294 2074 1359 domo
2110 1298 2251 1377 ejus
2280 1296 2566 1361 ecclesiae
2589 1316 2730 1378 pro-

596 1406 743 1489 pria
766 1409 938 1473 exire
957 1409 1183 1488 nollet,
1201 1409 1559 1491 imperator
1572 1409 1988 1488 Aurelianus,
2014 1428 2092 1476 ea
2113 1411 2191 1475 de
2208 1429 2279 1475 re
2303 1414 2570 1494 rogatus
2597 1430 2737 1475 sen-

596 1524 895 1603 tentiam,
926 1524 1324 1589 sanctissime
1354 1524 1511 1606 quid
1539 1526 1701 1590 esset
1736 1525 2068 1608 agendum
2097 1527 2391 1591 sancivit.
2437 1528 2738 1609 Praecepit

598 1638 780 1703 enim
820 1639 896 1702 ut
930 1638 1166 1702 domus
1205 1641 1483 1705 ecclesiae
1530 1640 1660 1705 illis
1701 1642 2101 1706 tribueretur
2136 1642 2375 1724 quibus
2402 1641 2738 1706 christiani

599 1754 797 1819 Italiae
819 1756 884 1818 et
910 1755 1094 1819 urbis
1116 1760 1335 1820 Romae
1356 1755 1649 1837 Episcopi
1681 1774 1793 1838 per
1812 1757 2060 1821 litteras
2096 1757 2518 1821 tribuendam
2547 1774 2739 1838 praes-

599 1869 940 1935 criberent.
964 1871 1066 1935 Sic
1091 1870 1362 1937 demum
1385 1872 1623 1935 Paulus
1641 1889 1794 1935 cum
1818 1890 2081 1936 summo
2093 1871 2398 1937 dedecore
2422 1873 2741 1937 saecularis

602 1985 862 2068 imperii
887 2005 961 2050 ac
989 1986 1318 2067 potestatis
1344 1987 1723 2051 auctoritate
1760 1987 1841 2051 ab
1864 1987 2144 2052 Ecclesia
2175 1988 2433 2069 penitus
2458 1986 2742 2052 extrudi-

600 2103 731 2166 tur.
759 2105 896 2179 Quo
926 2101 1188 2184 quidem
1221 2104 1512 2183 ternpore
1543 2103 1742 2166 talem
1789 2104 1856 2166 et
1897 2105 2036 2165 tam
2069 2103 2350 2184 benigne
2373 2103 2743 2167 animatum

598 2235 752 2300 erga
791 2235 912 2282 nos
943 2217 1336 2282 Aurelianus
1369 2236 1436 2281 se
1475 2217 1845 2281 declaravit.
1880 2240 1912 2276 ι)
1956 2218 2112 2296 (Lib.
2153 2226 2215 2293 7,
2249 2236 2390 2297 cap.
2425 2220 2556 2295 9-4.)
2587 2218 2744 2282 Rien

602 2333 937 2416 n’indique
966 2351 1095 2415 que
1124 2333 1282 2396 Paul
1301 2332 1379 2396 de
1407 2334 1732 2397 Samosata
1763 2333 1876 2395 efit
1912 2350 2186 2397 recouru
2219 2332 2257 2396 a
2288 2332 2622 2397 Aurelian.
2652 2336 2745 2395 On

603 2452 714 2515 eut
737 2467 999 2514 rccours
1022 2448 1058 2512 a
1093 2448 1189 2511 lui
1218 2465 1386 2529 pour
1412 2448 1573 2511 faire
1596 2447 1855 2511 obtenir
1882 2464 1999 2510 son
2027 2447 2178 2510 effet
2203 2446 2240 2510 a
2268 2445 2458 2510 l’aide
2482 2446 2571 2509 du
2602 2448 2747 2510 bras

606 2566 879 2630 seculier
909 2582 997 2628 au
1021 2564 1364 2645 jugement
1387 2560 1654 2643 synodal
1677 2561 1859 2643 porte
1877 2564 2101 2627 contre
2134 2563 2236 2627 cet
2272 2560 2559 2643 Eveque,
2584 2563 2746 2627 mais

605 2699 739 2746 non
764 2698 925 2761 pour
946 2697 1317 2761 convoquer
1342 2696 1437 2741 un
1467 2678 1653 2742 autre
1704 2677 1968 2759 synode,
1998 2676 2036 2741 a
2063 2677 2256 2742 l‘efl‘et
2301 2678 2381 2742 de
2418 2677 2663 2742 reviser
2687 2680 2746 2743 le

606 2795 912 2880 premier.
946 2793 1252 2860 Aurelien
1277 2794 1538 2858 montra
1580 2811 1651 2858 sa
1678 2810 1954 2876 sagesse,
1987 2810 2068 2858 en
2101 2811 2185 2858 ne
2218 2794 2489 2858 voulant
2535 2813 2746 2860 accor-

607 2912 728 2977 der
751 2911 991 2993 l'appui
1007 2910 1087 2975 de
1115 2927 1230 2973 son
1261 2910 1409 2973 bras
1432 2908 1707 2973 seculier
1729 2927 1857 2991 que
1881 2908 2129 2990 d’apres
2146 2910 2240 2974 les
2266 2910 2489 2974 lettres
2506 2927 2745 2974 venues

608 3027 687 3091 de
717 3032 939 3092 Rome.
980 3026 1031 3089 ll
1059 3043 1103 3107 y
1132 3024 1304 3088 avait
1341 3023 1765 3088 contestation
1801 3042 1919 3089 sur
1949 3024 2012 3088 la
2034 3025 2265 3106 justice
2297 3025 2385 3088 du
2405 3025 2748 3107 jugement

609 3142 791 3225 porte
813 3144 1034 3207 contre
1045 3140 1334 3222 l'eveque
1350 3139 1429 3204 de
1453 3141 1808 3219 Samosate,
1830 3143 1896 3204 et
1918 3157 1988 3205 ce
2008 3138 2231 3204 n'etait
2252 3157 2363 3221 pas
2386 3143 2422 3203 a
2449 3141 2568 3216 lui,
2589 3140 2747 3205 mais

611 3278 698 3325 au
722 3258 966 3323 Pontife
997 3257 1256 3322 romain
1294 3255 1331 3319 a
1366 3254 1646 3319 decidet.

692 3379 827 3451 Que
858 3373 1137 3453 peuvent
1160 3370 1448 3453 alleguer
1475 3371 1570 3434 les
1600 3369 1918 3451 partisans
1932 3369 2011 3434 de
2025 3372 2243 3437 Pierre
2272 3371 2351 3435 de
2381 3374 2640 3436 Marca?
2670 3369 2749 3435 Ils

615 3507 701 3553 ne
727 3488 1107 3551 trouveront
1138 3487 1332 3549 avaut
1354 3487 1414 3550 le
1437 3485 1681 3550 concile
1709 3485 1788 3549 de
1802 3486 2113 3568 Sardique
2136 3488 2344 3569 qu'un
2372 3486 2514 3550 seul
2537 3487 2654 3549 fait
2671 3503 2752 3550 en

617 3604 765 3668 leur
784 3604 1035 3679 faveur‚
1068 3602 1134 3665 et
1159 3619 1231 3665 ce
1268 3601 1383 3664 fait
1406 3602 1502 3663 est
1529 3601 1591 3664 le
1620 3601 1824 3665 crime
1855 3601 1891 3665 a
1916 3602 2153 3683 jamais
2182 3601 2352 3665 fletri
2389 3601 2502 3666 des
2527 3601 2755 3664 hereti-

619 3737 779 3803 ques
807 3718 1181 3783 donatistes.
1215 3716 1394 3781 Voici
1419 3734 1504 3780 en
1527 3717 1709 3798 quels
1735 3717 1974 3781 termes
2003 3718 2082 3781 ils
2103 3718 2328 3782 furent
2354 3719 2611 3781 accuses
2646 3732 2756 3796 par

620 3835 789 3900 saint
815 3834 1002 3916 Optat
1029 3832 1107 3897 de
1134 3831 1363 3898 Mileve
1395 3850 1413 3894 ε

711 3973 742 4009 «
781 3952 1052 4031 Majores
1077 3948 1273 4012 vestri
1294 3947 1645 4026 LucianuS,
1680 3948 1952 4029 Dignus,
1994 3946 2355 4024 NassutiuS‚
2388 3945 2635 4026 Capito,
2663 3943 2759 4008 Fi-

623 4066 883 4131 dentius
912 4068 976 4130 et
995 4063 1232 4142 caeteri,
1259 4062 1717 4144 imperatorem
1737 4038 2236 4127 Constantinum
2265 4061 2503 4124 harum
2537 4077 2758 4124 rerum

626 4180 840 4245 adhuc
884 4181 1193 4262 ignarum
1236 4178 1340 4243 his
1387 4178 1685 4260 precibus
1730 4180 2128 4260 rogaverunt
2181 4195 2198 4239 ε
2245 4180 2561 4257 Roqamus
2603 4183 2682 4254 te,
2724 4192 2760 4237 ο

631 4297 1059 4372 Constantine,
1097 4296 1325 4375 optime
1359 4294 1728 4374 imperator,
1772 4294 2070 4375 quoniam
2119 4293 2191 4356 de
2233 4309 2445 4373 qenere
2473 4291 2651 4372 justo
2679 4306 2758 4367 es,

628 4412 804 4494 cujus
819 4417 1006 4492 pater
1032 4411 1197 4474 inter
1224 4417 1467 4473 coeteros
1496 4410 1899 4490 imperatores
1920 4409 2408 4490 persecutionem
2435 4423 2564 4469 non
2592 4422 2761 4468 exer·-

630 4528 780 4606 cuit,
805 4534 857 4590 el
883 4525 961 4588 ab
985 4524 1098 4588 hoc
1126 4524 1402 4606 facinore
1430 4524 1725 4588 immunis
1752 4532 1840 4588 est
1866 4525 2096 4593 Gallia.
2126 4526 2292 4591 Nam
2317 4523 2387 4585 in
2410 4520 2636 4602 Africa
2661 4518 2760 4581 in·
