3038 5623
972 721 1113 790 556
1662 717 2072 794 chmimn
2122 737 2402 784 PARTIE.

974 891 1063 954 rit
1086 888 1402 970 Pontifici,
1427 887 1498 970 fit
1523 904 1635 968 per
1663 886 1935 968 aliquem
1960 886 2172 949 virum
2202 887 2450 950 doctum
2488 888 2778 951 idoneum
2804 905 3030 963 sermo,

974 1023 1097 1087 quo
1139 1011 1445 1067 tractatur
1479 1002 1554 1066 de
1581 1002 1910 1080 disciplina
1956 1003 2381 1083 ecclesiastica,
2414 1004 2487 1067 de
2534 1003 2760 1067 divinis
2785 1003 3038 1084 mysteri

975 1118 1129 1182 etde
1165 1117 1539 1180 correctione
1563 1134 1810 1180 morum
1852 1117 1922 1179 in
1956 1117 2123 1181 clero
2167 1118 2507 1181 secundum
2546 1137 2622 1181 ea
2659 1136 2801 1200 quae
2835 1119 3038 1199 Ροηιὴ

981 1233 1381 1302 videbuntur,·
1415 1238 1630 1313 etpost
1661 1249 2028 1311 ser-monem,
2059 1233 2406 1314 quereloesi
2433 1251 2571 1314 quoe
2592 1234 2719 1296 sint
2744 1232 3038 1295 audiunti

980 1348 1210 1412 Deinde
1238 1347 1734 1412 Archidiaconus
1762 1365 1842 1409 ea·
1869 1355 2153 1428 suqqesto
2178 1347 2314 1410 alta
2338 1365 2480 1410 voce
2509 1348 2653 1428 leqit
2677 1347 2924 1410 decreta
2953 1365 3038 1409 sa«

982 1462 1231 1525 concilii
1263 1462 1613 1526 Tridentini
1644 1461 1716 1525 de
1749 1462 2108 1540 residentia,
2146 1470 2204 1524 et
2234 1461 2307 1525 de
2340 1462 2721 1545 professione
2744 1461 2914 1543 fidei,
2940 1480 3038 1544 qu«

986 1585 1135 1640 tunc
1163 1578 1439 1639 emittent
1474 1595 1682 1640 omnes
1731 1579 1840 1658 qui
1869 1577 1955 1641 ad
1981 1594 2119 1640 eam
2144 1584 2449 1652 tenentur,
2481 1578 2551 1639 in
2585 1577 2875 1639 manibus
2902 1578 3038 1639 Pon

982 1693 1138 1772 ficis,
1158 1692 1358 1773 juxta
1380 1692 1652 1773 sormam
1677 1692 1852 1773 infra
1865 1693 2180 1772 positam-‚·
2206 1693 2349 1755 item
2384 1691 2458 1755 de
2487 1691 2780 1772 eliqendis
2803 1691 3038 1753 examin

988 1805 1248 1885 toribus,
1300 1809 1412 1888 qui
1441 1808 1659 1871 statim
1705 1808 2114 1871 nominantur
2152 1815 2209 1870 et
2237 1806 2673 1888 approbantur
2717 1814 2776 1869 et
2792 1807 3028 1887 jurant

985 1922 1276 1985 manibus
1314 1924 1685 2005 Pontificis;
1714 1923 1956 1986 demum
1983 1922 2057 1985 de
2084 1923 2376 2004 eliyendis
2409 1921 2732 2005 judicibus
2770 1939 3038 1984 causaru

987 2037 1096 2118 qui
1121 2038 1408 2101 similiter
1426 2046 1890 2119 proponuntur,
1927 2046 1998 2101 ut
2021 2056 2240 2118 supra.

1070 2158 1391 2218 Postremo
1416 2155 1783 2219 charitative
1810 2162 2146 2218 monentur
2173 2172 2380 2217 omnes
2415 2153 2581 2235 quod
2604 2154 2874 2216 durante
2895 2171 3038 2233 synt

992 2269 1234 2333 honeste
1262 2289 1324 2334 se
1344 2271 1610 2334 habeant
1630 2271 1700 2333 in
1723 2271 2030 2349 omnibus,
2062 2278 2120 2334 et
2158 2278 2338 2334 extra
2354 2289 2380 2347 ,·
2403 2271 2495 2332 ita
2521 2269 2686 2352 quod
2727 2287 2946 2332 eorum
2986 2288 3038 2332 cc

992 2386 1254 2449 versatio
1276 2387 1509 2449 coeteris
1533 2386 1614 2450 sit
1631 2388 1855 2450 merito
1875 2388 1940 2449 in
1960 2387 2334 2466 exemplum.
2369 2387 2507 2464 Quo
2531 2386 2722 2466 sacto,
2744 2387 2951 2465 surqit
2974 2386 3038 2446 P«

995 2498 1175 2580 tiseae,
1204 2508 1259 2563 et
1289 2501 1636 2565 solemniter
1665 2501 1944 2565 omnibus
1975 2500 2264 2566 benedicit
2305 2500 2511 2563 dicens
2546 2523 2568 2563 .·
2605 2501 2699 2564 Sit
2735 2518 2982 2564 nomen
3009 2504 3038 2564 I

994 2613 1162 2676 mini
1200 2615 1639 2694 benedictum,
1679 2618 1823 2696 etc„
1857 2635 2024 2680 more
2061 2623 2345 2680 consueto
2363 2635 2390 2693 ,·
2431 2632 2557 2696 qua
2598 2614 2777 2693 data,
2822 2615 3038 2679 discedi

994 2745 1223 2792 omnes.

1076 2872 1379 2935 Formula
1402 2872 1756 2953 juramenti
1793 2896 1808 2934 z
1840 2878 1975 2954 Ego
2001 2878 2077 2937 N.
2113 2874 2304 2938 firma
2327 2873 2530 2937 fide...
2567 2876 2675 2953 (1).

1073 3014 1360 3079 Secunda
1389 3014 1507 3092 die,
1541 3016 2042 3080 convenientibus
2085 3017 2315 3079 iterum
2349 3016 2633 3079 omnibus
2661 3016 2733 3078 in
2757 3016 3032 3094 ecclesia,

993 3131 1134 3194 nita
1160 3132 1373 3209 missa,
1405 3132 1710 3212 Pontifex
1735 3140 2003 3212 paratus
2032 3139 2100 3193 ut
2133 3148 2325 3212 supra
2367 3130 2643 3211 procedit
2669 3148 2883 3193 coram
2911 3131 3038 3194 alta

994 3244 1256 3308 diacono
1281 3254 1339 3308 et
1365 3245 1740 3309 subdiacono
1760 3248 2004 3326 paratis
2028 3253 2102 3309 ut
2131 3263 2329 3327 supra
2349 3246 2558 3327 ipsum
2580 3245 3038 3323 associantibusJ

994 3361 1083 3423 ibi
1098 3361 1167 3422 in
1185 3360 1544 3441 faldistorio
1567 3369 1708 3425 ante
1725 3360 1998 3425 medium
2019 3362 2246 3425 altaris
2267 3361 2468 3443 juaeta
2485 3362 2844 3443 inferiorem
2865 3360 3038 3442 qrad1

994 3473 1115 3537 sibi
1132 3482 1390 3555 parato,
1421 3477 1808 3558 qenufleoeus,
1844 3476 2121 3557 deposita
2158 3478 2374 3555 mitra,
2414 3477 2661 3540 inchoat
2688 3476 2901 3539 schola
2919 3493 3038 3555 pro

995 3597 1215 3670 quente
1240 3591 1644 3670 antiphonam
1668 3594 1724 3670 (8
1747 3592 1904 3671 toni)
1941 3611 1958 3655 ε

1077 3760 1396 3841 Propitius
1423 3763 1560 3824 esto
1588 3762 1858 3842 peccatis
1886 3761 2154 3841 nostrie,
2185 3762 2488 3841 Domine,
2529 3759 2878 3843 nequando
2917 3758 3038 3822 dice

997 3877 1219 3958 gentes
1247 3893 1264 3938 ε
1297 3875 1419 3940 Ubi
1446 3878 1544 3939 est
1570 3880 1736 3941 Deus
1760 3883 2034 3941 eorum?

1080 4062 1299 4126 Finita
1346 4064 1693 4144 antiphona
1741 4071 1797 4125 et
1841 4064 2080 4145 incepto
2119 4065 2395 4145 psalmo,
2424 4062 2584 4126 sedet
2621 4062 2922 4143 Pontifex
2965 4078 3038 4124 rei

998 4186 1245 4258 sumpta
1271 4178 1488 4255 mitra,
1521 4197 1715 4261 usque
1746 4178 1830 4242 ad
1857 4180 2038 4260 finem
2056 4181 2316 4260 psalmi.

1066 4471 1131 4534 (1)
1150 4470 1281 4521 C'est
1296 4468 1345 4521 le
1368 4470 1534 4521 meme
1554 4484 1651 4535 que
1673 4486 1806 4523 nous
1833 4485 1989 4523 avons
2008 4470 2244 4536 rapporte
2265 4484 2333 4522 au
2357 4472 2585 4537 ehap1tre
2608 4486 2677 4522 xn
2697 4471 2830 4523 dela
2849 4471 2929 4521 Π·
2949 4472 3038 4533 pari
