3038 5623
1149 883 1550 945 FACULTAS
1591 884 2071 946 IMPRIMENDI.

1451 1102 1773 1113 ———

616 1299 697 1360 M.
750 1293 960 1358 l’abbe
1006 1293 1211 1357 Bouix
1252 1312 1419 1358 nous
1471 1296 1668 1376 ayant
1719 1293 2038 1358 demande
2083 1293 2548 1358 l'autorisation
2601 1291 2681 1356 de

540 1403 694 1466 faire
724 1402 1144 1482 reimprimer
1188 1401 1351 1465 dans
1386 1404 1571 1465 notre
1601 1401 1845 1465 diocese
1875 1420 1991 1465 son
2033 1400 2247 1464 Traite
2295 1401 2383 1464 du
2433 1400 2684 1465 Concile

535 1509 917 1590 provincial,
972 1527 1137 1572 nous
1188 1527 1389 1572 avons
1444 1508 1683 1590 charge
1729 1527 1823 1572 un
1876 1507 2248 1590 theologien
2290 1506 2686 1571 d'examiner

535 1617 691 1681 cette
720 1615 1020 1679 nouvelle
1051 1614 1291 1679 edition
1314 1633 1334 1695 3
1367 1617 1431 1678 et
1459 1634 1574 1678 sur
1599 1615 1661 1678 le
1690 1617 1953 1696 rapport
1975 1615 2137 1697 qu’il
2161 1632 2326 1678 nous
2353 1613 2492 1693 fait,
2514 1630 2683 1677 nous

530 1740 733 1788 avons
780 1721 1044 1786 accorde
1089 1721 1559 1785 l’autorisation
1592 1721 1973 1786 demandee.

784 1942 1070 2004 Versailles,
1104 1942 1153 1993 le
1184 1947 1247 1994 30
1276 1943 1476 1994 octobre
1513 1946 1650 1995 1862.

1350 2158 1393 2229 †
1421 2163 1677 2234 Pmnnn,
1702 2142 1955 2238 Eveque
1983 2156 2055 2219 de
2094 2157 2441 2222 Versailles.

1219 2725 1475 2786 BREVE
1515 2724 1616 2785 ΡΠ
1658 2724 1878 2786 PAPAE
1920 2725 2022 2784 IX.

619 2970 852 3032 Dilecto
888 2971 1017 3051 filio
1035 2970 1395 3050 presbytero
1426 2970 1751 3034 Dominico
1776 2971 2014 3046 Bouioe,
2036 3003 2118 3018 -·
2145 2972 2315 3033 PIUS
2345 2974 2459 3032 PP.
2487 2972 2586 3032 ΙΧ.
2603 3002 2685 3017 --

525 3075 776 3139 Dilecte
816 3076 961 3154 Fili,
992 3077 1267 3140 salutem
1311 3076 1375 3139 et
1416 3075 1831 3160 apostolicam
1861 3075 2410 3140 benedictionem.
2437 3111 2519 3122 —
2549 3075 2688 3139 Lit-

528 3182 690 3243 terae
740 3181 896 3259 tuae,
942 3181 1241 3244 sensibus
1293 3198 1451 3262 erga
1498 3185 1624 3245 Nos
1671 3184 1736 3245 et
1787 3182 1954 3245 hanc
1998 3181 2410 3263 apostolicam
2460 3181 2688 3246 Sedem

530 3285 862 3365 praeclarae
920 3285 1276 3350 devotionis
1327 3287 1393 3349 et
1441 3287 1868 3351 observantiae
1915 3288 2350 3370 undequaque
2394 3288 2647 3352 refertae
2663 3334 2680 3365 ,

531 3393 1039 3470 propensionem
1094 3411 1252 3475 erga
1297 3394 1358 3455 te
1407 3393 1712 3456 Nostram
1767 3411 1900 3456 non
1955 3392 2363 3457 mediocriter
2407 3395 2645 3474 augent
2664 3419 2683 3473 3

528 3514 744 3578 quam
772 3499 1063 3563 studium
1116 3516 1449 3562 sacrarum
1484 3498 2005 3580 disciplinarum,
2051 3517 2382 3562 canonum
2421 3516 2685 3580 praeser-

524 3602 692 3678 tim,
725 3606 935 3669 animo
963 3607 1078 3669 tuo
1105 3606 1230 3668 alte
1256 3605 1541 3669 defixum
1575 3605 1897 3688 Nobisque
1935 3608 2368 3686 perspectum,
2395 3606 2535 3685 jam
2565 3605 2688 3668 sibi

521 3706 942 3774 conciliabat.
975 3716 1064 3775 De
1092 3730 1221 3793 quo
1250 3729 1401 3775 sane
1441 3709 1654 3774 studio
1691 3712 1947 3774 certum
1977 3712 2215 3792 praebet
2252 3710 2689 3775 ecclesiasticis

514 3814 695 3875 viris
720 3812 1033 3880 indicium
1056 3835 1218 3897 opus
1242 3818 1458 3894 tuum,
1484 3818 1590 3881 cui
1616 3817 1885 3881 titulus:
1909 3821 2011 3881 Du
2035 3820 2279 3882 Concile
2305 3818 2681 3899 provincial,

505 3937 601 3982 ou
635 3922 871 3984 Traite
898 3923 996 3985 des
1021 3925 1328 4004 questions
1358 3923 1429 3986 de
1457 3925 1757 4004 the'oloyie
1780 3931 1838 3987 et
1867 3923 1941 3986 de
1971 3924 2136 3987 droit
2159 3942 2386 4003 canon,
2408 3925 2516 4006 qui
2538 3942 2686 3987 con-

492 4032 800 4088 cernens
843 4028 922 4090 les
967 4030 1239 4093 Conciles
1280 4031 1732 4110 provincia-uxr,
1768 4030 1849 4093 ad
1884 4035 2008 4095 Nos
2039 4029 2207 4093 dono
2244 4030 2523 4093 missum
2566 4028 2686 4092 hu·
2777 4058 2786 4067 ·

483 4130 1003 4195 manissimum
1046 4135 1116 4204 in
1145 4135 1434 4198 modum.
1485 4140 1612 4199 Nos
1645 4136 1723 4200 de
1766 4136 2031 4218 ingenio
2068 4153 2143 4199 ac
2180 4135 2519 4225 sedulitate
2568 4134 2684 4197 tibi

496 4235 919 4315 plurimum
940 4240 1367 4319 gratulamur,
1388 4242 1625 4323 quibus
1652 4243 2112 4325 gravissimum
2141 4241 2462 4321 eJusmodi
2490 4239 2688 4303 eccle-
2750 4247 2760 4253 “
