<?xml version="1.0" encoding="UTF-8"?>
<!DOCTYPE html PUBLIC "-//W3C//DTD XHTML 1.0 Transitional//EN"
    "http://www.w3.org/TR/xhtml1/DTD/xhtml1-transitional.dtd">
<html xmlns="http://www.w3.org/1999/xhtml" xml:lang="en" lang="en">
 <head>
  <title>
</title>
<meta http-equiv="Content-Type" content="text/html;charset=utf-8" />
  <meta name='ocr-system' content='tesseract 3.04.00' />
  <meta name='ocr-capabilities' content='ocr_page ocr_carea ocr_par ocr_line ocrx_word'/>
</head>
<body>
  <div class='ocr_page' id='page_1' title='image "./tractatusdeconc00bouigoog_0054.png"; bbox 0 0 3038 5623; ppageno 0'>
   <div class='ocr_carea' id='block_1_1' title="bbox 583 816 1994 889">
    <p class='ocr_par' dir='ltr' id='par_1_1' title="bbox 583 816 1994 889">
     <span class='ocr_line' id='line_1_1' title="bbox 583 816 1994 889; baseline 0.001 -7"><span class='ocrx_word' id='word_1_1' title='bbox 583 820 679 889; x_wconf 79' lang='grc'><strong>34</strong></span> <span class='ocrx_word' id='word_1_2' title='bbox 1298 816 1666 884; x_wconf 65' lang='lat' dir='ltr'><strong>PREMlitRE</strong></span> <span class='ocrx_word' id='word_1_3' title='bbox 1712 835 1994 885; x_wconf 74' lang='lat' dir='ltr'><strong>PAR&#39;rm.</strong></span> 
     </span>
    </p>
   </div>
   <div class='ocr_carea' id='block_1_2' title="bbox 543 977 2741 4618">
    <p class='ocr_par' dir='ltr' id='par_1_2' title="bbox 560 977 2726 2103">
     <span class='ocr_line' id='line_1_2' title="bbox 574 977 2724 1059; baseline -0.002 -14"><span class='ocrx_word' id='word_1_4' title='bbox 574 979 873 1051; x_wconf 83' lang='lat' dir='ltr'><strong>cessariis</strong></span> <span class='ocrx_word' id='word_1_5' title='bbox 896 978 1213 1042; x_wconf 86' lang='lat' dir='ltr'><strong>tractatur</strong></span> <span class='ocrx_word' id='word_1_6' title='bbox 1237 978 1429 1059; x_wconf 88' lang='lat' dir='ltr'><strong>atque</strong></span> <span class='ocrx_word' id='word_1_7' title='bbox 1455 977 1763 1041; x_wconf 75' lang='lat' dir='ltr'><strong>statuitur</strong></span> <span class='ocrx_word' id='word_1_8' title='bbox 1790 997 1808 1041; x_wconf 74' lang='grc' dir='ltr'><strong><em>ε</em></strong></span> <span class='ocrx_word' id='word_1_9' title='bbox 1841 982 1915 1043; x_wconf 90' lang='lat' dir='ltr'><strong>ut</strong></span> <span class='ocrx_word' id='word_1_10' title='bbox 1943 980 2280 1045; x_wconf 83' lang='lat' dir='ltr'><strong>verissime</strong></span> <span class='ocrx_word' id='word_1_11' title='bbox 2308 980 2374 1044; x_wconf 90' lang='lat' dir='ltr'><strong>in</strong></span> <span class='ocrx_word' id='word_1_12' title='bbox 2406 980 2724 1045; x_wconf 77' lang='lat' dir='ltr'><strong>reforma-</strong></span> 
     </span>
     <span class='ocr_line' id='line_1_3' title="bbox 576 1092 2726 1176; baseline -0.004 -10"><span class='ocrx_word' id='word_1_13' title='bbox 576 1100 774 1166; x_wconf 77' lang='lat' dir='ltr'><strong>tionis</strong></span> <span class='ocrx_word' id='word_1_14' title='bbox 806 1095 1088 1160; x_wconf 83' lang='lat' dir='ltr'><strong>formula</strong></span> <span class='ocrx_word' id='word_1_15' title='bbox 1124 1092 1375 1156; x_wconf 88' lang='lat' dir='ltr'><strong>dicatur</strong></span> <span class='ocrx_word' id='word_1_16' title='bbox 1409 1110 1427 1153; x_wconf 69' lang='grc' dir='ltr'><strong><em>ε</em></strong></span> <span class='ocrx_word' id='word_1_17' title='bbox 1473 1093 1649 1156; x_wconf 87' lang='lat' dir='ltr'><strong>salus</strong></span> <span class='ocrx_word' id='word_1_18' title='bbox 1678 1095 1985 1173; x_wconf 80' lang='lat' dir='ltr'><strong>ecclesiae,</strong></span> <span class='ocrx_word' id='word_1_19' title='bbox 2016 1098 2227 1160; x_wconf 85' lang='lat' dir='ltr'><strong>terror</strong></span> <span class='ocrx_word' id='word_1_20' title='bbox 2252 1095 2543 1159; x_wconf 82' lang='lat' dir='ltr'><strong>hostium</strong></span> <span class='ocrx_word' id='word_1_21' title='bbox 2578 1097 2726 1176; x_wconf 84' lang='lat' dir='ltr'><strong>ejus</strong></span> 
     </span>
     <span class='ocr_line' id='line_1_4' title="bbox 568 1187 2724 1293; baseline -0.004 -12"><span class='ocrx_word' id='word_1_22' title='bbox 568 1219 643 1282; x_wconf 85' lang='lat' dir='ltr'><strong>et</strong></span> <span class='ocrx_word' id='word_1_23' title='bbox 659 1214 812 1280; x_wconf 90' lang='lat' dir='ltr'><strong>fidei</strong></span> <span class='ocrx_word' id='word_1_24' title='bbox 831 1187 1161 1276; x_wconf 61' lang='lat' dir='ltr'><strong>catholica}</strong></span> <span class='ocrx_word' id='word_1_25' title='bbox 1184 1207 1710 1272; x_wconf 79' lang='lat' dir='ltr'><strong>stabilimentum</strong></span> <span class='ocrx_word' id='word_1_26' title='bbox 1734 1212 1891 1282; x_wconf 86' lang='lat' dir='ltr'><strong>sunt</strong></span> <span class='ocrx_word' id='word_1_27' title='bbox 1913 1210 2168 1293; x_wconf 75' lang='lat' dir='ltr'><strong>synodi,</strong></span> <span class='ocrx_word' id='word_1_28' title='bbox 2189 1228 2352 1293; x_wconf 87' lang='lat' dir='ltr'><strong>quas</strong></span> <span class='ocrx_word' id='word_1_29' title='bbox 2368 1210 2565 1274; x_wconf 84' lang='lat' dir='ltr'><strong>etiam</strong></span> <span class='ocrx_word' id='word_1_30' title='bbox 2582 1227 2724 1273; x_wconf 88' lang='lat' dir='ltr'><strong>rec-</strong></span> 
     </span>
     <span class='ocr_line' id='line_1_5' title="bbox 577 1323 2718 1407; baseline -0.004 -10"><span class='ocrx_word' id='word_1_31' title='bbox 577 1331 824 1397; x_wconf 81' lang='lat' dir='ltr'><strong>tissime</strong></span> <span class='ocrx_word' id='word_1_32' title='bbox 859 1324 1145 1406; x_wconf 85' lang='lat' dir='ltr'><strong>corporis</strong></span> <span class='ocrx_word' id='word_1_33' title='bbox 1191 1323 1475 1388; x_wconf 59' lang='lat' dir='ltr'><strong>Ecclesia}</strong></span> <span class='ocrx_word' id='word_1_34' title='bbox 1504 1341 1743 1387; x_wconf 87' lang='lat' dir='ltr'><strong>nervos</strong></span> <span class='ocrx_word' id='word_1_35' title='bbox 1784 1324 2163 1389; x_wconf 59' lang='lat' dir='ltr'><strong>dixerimus</strong></span> <span class='ocrx_word' id='word_1_36' title='bbox 2196 1325 2507 1407; x_wconf 84' lang='lat' dir='ltr'><strong>Neglectis</strong></span> <span class='ocrx_word' id='word_1_37' title='bbox 2533 1325 2718 1389; x_wconf 87' lang='lat' dir='ltr'><strong>enim</strong></span> 
     </span>
     <span class='ocr_line' id='line_1_6' title="bbox 572 1437 2718 1530; baseline -0.005 -18"><span class='ocrx_word' id='word_1_38' title='bbox 572 1444 865 1530; x_wconf 69' lang='lat' dir='ltr'><strong>synodiS,</strong></span> <span class='ocrx_word' id='word_1_39' title='bbox 884 1459 1020 1504; x_wconf 89' lang='lat' dir='ltr'><strong>non</strong></span> <span class='ocrx_word' id='word_1_40' title='bbox 1041 1440 1226 1502; x_wconf 87' lang='lat' dir='ltr'><strong>aliter</strong></span> <span class='ocrx_word' id='word_1_41' title='bbox 1248 1437 1718 1502; x_wconf 89' lang='lat' dir='ltr'><strong>ecclesiasticus</strong></span> <span class='ocrx_word' id='word_1_42' title='bbox 1739 1439 1896 1502; x_wconf 86' lang='lat' dir='ltr'><strong>ordo</strong></span> <span class='ocrx_word' id='word_1_43' title='bbox 1919 1439 2162 1503; x_wconf 81' lang='lat' dir='ltr'><strong>diffluit</strong></span> <span class='ocrx_word' id='word_1_44' title='bbox 2179 1458 2379 1522; x_wconf 87' lang='lat' dir='ltr'><strong>quam</strong></span> <span class='ocrx_word' id='word_1_45' title='bbox 2406 1439 2460 1503; x_wconf 89' lang='lat' dir='ltr'><strong>si</strong></span> <span class='ocrx_word' id='word_1_46' title='bbox 2483 1458 2718 1520; x_wconf 88' lang='lat' dir='ltr'><strong>corpus</strong></span> 
     </span>
     <span class='ocr_line' id='line_1_7' title="bbox 577 1554 2717 1637; baseline -0.004 -10"><span class='ocrx_word' id='word_1_47' title='bbox 577 1564 951 1627; x_wconf 88' lang='lat' dir='ltr'><strong>humanum</strong></span> <span class='ocrx_word' id='word_1_48' title='bbox 971 1555 1191 1619; x_wconf 86' lang='lat' dir='ltr'><strong>nervis</strong></span> <span class='ocrx_word' id='word_1_49' title='bbox 1213 1555 1522 1617; x_wconf 88' lang='lat' dir='ltr'><strong>solvatur.</strong></span> <span class='ocrx_word' id='word_1_50' title='bbox 1549 1554 1787 1617; x_wconf 88' lang='lat' dir='ltr'><strong>Idcirco</strong></span> <span class='ocrx_word' id='word_1_51' title='bbox 1806 1555 2152 1619; x_wconf 78' lang='lat' dir='ltr'><strong>statuimus</strong></span> <span class='ocrx_word' id='word_1_52' title='bbox 2171 1558 2245 1618; x_wconf 90' lang='lat' dir='ltr'><strong>ut</strong></span> <span class='ocrx_word' id='word_1_53' title='bbox 2264 1554 2545 1637; x_wconf 73' lang='lat' dir='ltr'><strong>synodus</strong></span> <span class='ocrx_word' id='word_1_54' title='bbox 2562 1555 2717 1619; x_wconf 86' lang='lat' dir='ltr'><strong>dioe·</strong></span> 
     </span>
     <span class='ocr_line' id='line_1_8' title="bbox 577 1669 2713 1756; baseline -0.004 -15"><span class='ocrx_word' id='word_1_55' title='bbox 577 1693 814 1742; x_wconf 89' lang='lat' dir='ltr'><strong>cesana·</strong></span> <span class='ocrx_word' id='word_1_56' title='bbox 836 1669 1185 1756; x_wconf 80' lang='lat' dir='ltr'><strong>quotannis</strong></span> <span class='ocrx_word' id='word_1_57' title='bbox 1213 1669 1442 1732; x_wconf 88' lang='lat' dir='ltr'><strong>bis.....</strong></span> <span class='ocrx_word' id='word_1_58' title='bbox 1489 1669 1855 1733; x_wconf 82' lang='lat' dir='ltr'><strong>celebretur</strong></span> <span class='ocrx_word' id='word_1_59' title='bbox 1862 1716 1984 1733; x_wconf 90' lang='grc'><strong>.....</strong></span> <span class='ocrx_word' id='word_1_60' title='bbox 2025 1669 2358 1751; x_wconf 78' lang='lat' dir='ltr'><strong>Synodum</strong></span> <span class='ocrx_word' id='word_1_61' title='bbox 2382 1687 2537 1734; x_wconf 88' lang='lat' dir='ltr'><strong>vero</strong></span> <span class='ocrx_word' id='word_1_62' title='bbox 2562 1688 2713 1750; x_wconf 90' lang='lat' dir='ltr'><strong>pro-</strong></span> 
     </span>
     <span class='ocr_line' id='line_1_9' title="bbox 568 1783 2716 1866; baseline -0.004 -10"><span class='ocrx_word' id='word_1_63' title='bbox 568 1791 917 1856; x_wconf 77' lang='lat' dir='ltr'><strong>vincialem</strong></span> <span class='ocrx_word' id='word_1_64' title='bbox 936 1786 1235 1849; x_wconf 88' lang='lat' dir='ltr'><strong>volumus</strong></span> <span class='ocrx_word' id='word_1_65' title='bbox 1248 1784 1428 1865; x_wconf 79' lang='lat' dir='ltr'><strong>juxta</strong></span> <span class='ocrx_word' id='word_1_66' title='bbox 1445 1783 1832 1848; x_wconf 87' lang='lat' dir='ltr'><strong>Basileensis</strong></span> <span class='ocrx_word' id='word_1_67' title='bbox 1846 1784 2102 1848; x_wconf 85' lang='lat' dir='ltr'><strong>concilii</strong></span> <span class='ocrx_word' id='word_1_68' title='bbox 2117 1784 2444 1848; x_wconf 87' lang='lat' dir='ltr'><strong>decretum</strong></span> <span class='ocrx_word' id='word_1_69' title='bbox 2459 1785 2716 1866; x_wconf 87' lang='lat' dir='ltr'><strong>singulo</strong></span> 
     </span>
     <span class='ocr_line' id='line_1_10' title="bbox 574 1898 2714 1991; baseline -0.004 -21"><span class='ocrx_word' id='word_1_70' title='bbox 574 1923 830 1991; x_wconf 90' lang='lat' dir='ltr'><strong>quoque</strong></span> <span class='ocrx_word' id='word_1_71' title='bbox 854 1901 1138 1966; x_wconf 90' lang='lat' dir='ltr'><strong>triennio</strong></span> <span class='ocrx_word' id='word_1_72' title='bbox 1166 1900 1305 1981; x_wconf 89' lang='lat' dir='ltr'><strong>cogi</strong></span> <span class='ocrx_word' id='word_1_73' title='bbox 1340 1898 1597 1963; x_wconf 88' lang='lat' dir='ltr'><strong>debere.</strong></span> <span class='ocrx_word' id='word_1_74' title='bbox 1619 1920 1650 1958; x_wconf 66' lang='lat' dir='ltr'><strong>n</strong></span> <span class='ocrx_word' id='word_1_75' title='bbox 1681 1902 1893 1978; x_wconf 82' lang='lat' dir='ltr'><strong>(Cone.</strong></span> <span class='ocrx_word' id='word_1_76' title='bbox 1920 1900 2000 1964; x_wconf 90' lang='lat' dir='ltr'><strong>de</strong></span> <span class='ocrx_word' id='word_1_77' title='bbox 2019 1899 2294 1982; x_wconf 87' lang='lat' dir='ltr'><strong>Cologne</strong></span> <span class='ocrx_word' id='word_1_78' title='bbox 2314 1899 2392 1963; x_wconf 90' lang='lat' dir='ltr'><strong>de</strong></span> <span class='ocrx_word' id='word_1_79' title='bbox 2419 1906 2572 1961; x_wconf 73' lang='lat'><strong>1549</strong></span> <span class='ocrx_word' id='word_1_80' title='bbox 2584 1917 2608 1979; x_wconf 83' lang='lat'>3</span> <span class='ocrx_word' id='word_1_81' title='bbox 2632 1898 2714 1962; x_wconf 91' lang='lat' dir='ltr'><strong>de</strong></span> 
     </span>
     <span class='ocr_line' id='line_1_11' title="bbox 560 2014 1477 2103; baseline -0.011 -18"><span class='ocrx_word' id='word_1_82' title='bbox 560 2019 972 2103; x_wconf 73' lang='lat' dir='ltr'><strong>synodorum</strong></span> <span class='ocrx_word' id='word_1_83' title='bbox 998 2014 1477 2091; x_wconf 81' lang='lat' dir='ltr'><strong>celebratione.)</strong></span> 
     </span>
    </p>

    <p class='ocr_par' dir='ltr' id='par_1_3' title="bbox 548 2127 2717 3478">
     <span class='ocr_line' id='line_1_12' title="bbox 649 2127 2717 2210; baseline -0.003 -12"><span class='ocrx_word' id='word_1_84' title='bbox 649 2136 803 2199; x_wconf 80' lang='lat' dir='ltr'><strong>L’an</strong></span> <span class='ocrx_word' id='word_1_85' title='bbox 833 2139 974 2208; x_wconf 83' lang='lat'><strong>681,</strong></span> <span class='ocrx_word' id='word_1_86' title='bbox 1005 2149 1099 2194; x_wconf 91' lang='lat' dir='ltr'><strong>un</strong></span> <span class='ocrx_word' id='word_1_87' title='bbox 1129 2130 1353 2210; x_wconf 87' lang='lat' dir='ltr'><strong>prince</strong></span> <span class='ocrx_word' id='word_1_88' title='bbox 1383 2127 1515 2191; x_wconf 80' lang='lat' dir='ltr'><strong>zele</strong></span> <span class='ocrx_word' id='word_1_89' title='bbox 1554 2146 1725 2209; x_wconf 82' lang='lat' dir='ltr'><strong>pour</strong></span> <span class='ocrx_word' id='word_1_90' title='bbox 1765 2128 1829 2191; x_wconf 87' lang='lat' dir='ltr'><strong>la</strong></span> <span class='ocrx_word' id='word_1_91' title='bbox 1869 2128 1956 2192; x_wconf 82' lang='lat' dir='ltr'><strong>foi</strong></span> <span class='ocrx_word' id='word_1_92' title='bbox 1985 2128 2350 2210; x_wconf 83' lang='lat' dir='ltr'><strong>catholique</strong></span> <span class='ocrx_word' id='word_1_93' title='bbox 2404 2127 2717 2192; x_wconf 88' lang='lat' dir='ltr'><strong>adressait</strong></span> 
     </span>
     <span class='ocr_line' id='line_1_13' title="bbox 557 2242 2708 2325; baseline -0.003 -10"><span class='ocrx_word' id='word_1_94' title='bbox 557 2269 692 2315; x_wconf 86' lang='lat' dir='ltr'><strong>aux</strong></span> <span class='ocrx_word' id='word_1_95' title='bbox 734 2248 921 2313; x_wconf 80' lang='lat' dir='ltr'><strong>Peres</strong></span> <span class='ocrx_word' id='word_1_96' title='bbox 963 2246 1049 2309; x_wconf 89' lang='lat' dir='ltr'><strong>du</strong></span> <span class='ocrx_word' id='word_1_97' title='bbox 1086 2244 1330 2309; x_wconf 88' lang='lat' dir='ltr'><strong>concile</strong></span> <span class='ocrx_word' id='word_1_98' title='bbox 1364 2242 1445 2306; x_wconf 89' lang='lat' dir='ltr'><strong>de</strong></span> <span class='ocrx_word' id='word_1_99' title='bbox 1474 2243 1731 2321; x_wconf 81' lang='lat' dir='ltr'><strong>Tolede,</strong></span> <span class='ocrx_word' id='word_1_100' title='bbox 1776 2261 1879 2307; x_wconf 90' lang='lat' dir='ltr'><strong>ces</strong></span> <span class='ocrx_word' id='word_1_101' title='bbox 1923 2243 2358 2308; x_wconf 81' lang='lat' dir='ltr'><strong>memorables</strong></span> <span class='ocrx_word' id='word_1_102' title='bbox 2401 2245 2649 2325; x_wconf 89' lang='lat' dir='ltr'><strong>paroles</strong></span> <span class='ocrx_word' id='word_1_103' title='bbox 2689 2263 2708 2308; x_wconf 74' lang='grc' dir='ltr'><strong><em>ε</em></strong></span> 
     </span>
     <span class='ocr_line' id='line_1_14' title="bbox 562 2357 2713 2441; baseline -0.001 -17"><span class='ocrx_word' id='word_1_104' title='bbox 562 2388 604 2425; x_wconf 57' lang='grc' dir='ltr'><strong>ι(</strong></span> <span class='ocrx_word' id='word_1_105' title='bbox 627 2369 768 2428; x_wconf 94' lang='lat' dir='ltr'><strong>Non</strong></span> <span class='ocrx_word' id='word_1_106' title='bbox 794 2362 1069 2425; x_wconf 89' lang='lat' dir='ltr'><strong>dubium</strong></span> <span class='ocrx_word' id='word_1_107' title='bbox 1099 2363 1217 2437; x_wconf 86' lang='lat' dir='ltr'><strong>est,</strong></span> <span class='ocrx_word' id='word_1_108' title='bbox 1251 2357 1640 2422; x_wconf 81' lang='lat' dir='ltr'><strong>sanctissimi</strong></span> <span class='ocrx_word' id='word_1_109' title='bbox 1673 2360 1914 2436; x_wconf 78' lang='lat' dir='ltr'><strong>PatreS,</strong></span> <span class='ocrx_word' id='word_1_110' title='bbox 1939 2358 2114 2441; x_wconf 91' lang='lat' dir='ltr'><strong>quod</strong></span> <span class='ocrx_word' id='word_1_111' title='bbox 2146 2359 2390 2440; x_wconf 86' lang='lat' dir='ltr'><strong>optima</strong></span> <span class='ocrx_word' id='word_1_112' title='bbox 2413 2359 2713 2422; x_wconf 87' lang='lat' dir='ltr'><strong>concilio-</strong></span> 
     </span>
     <span class='ocr_line' id='line_1_15' title="bbox 558 2474 2712 2557; baseline -0.001 -14"><span class='ocrx_word' id='word_1_113' title='bbox 558 2498 717 2543; x_wconf 84' lang='lat' dir='ltr'><strong>-rum</strong></span> <span class='ocrx_word' id='word_1_114' title='bbox 759 2475 1077 2557; x_wconf 87' lang='lat' dir='ltr'><strong>adjutoria</strong></span> <span class='ocrx_word' id='word_1_115' title='bbox 1116 2475 1335 2537; x_wconf 86' lang='lat' dir='ltr'><strong>ruenti</strong></span> <span class='ocrx_word' id='word_1_116' title='bbox 1377 2474 1627 2538; x_wconf 88' lang='lat' dir='ltr'><strong>mundo</strong></span> <span class='ocrx_word' id='word_1_117' title='bbox 1668 2475 2091 2547; x_wconf 87' lang='lat' dir='ltr'><strong>subveniunt,</strong></span> <span class='ocrx_word' id='word_1_118' title='bbox 2139 2475 2200 2537; x_wconf 85' lang='lat' dir='ltr'><strong>si</strong></span> <span class='ocrx_word' id='word_1_119' title='bbox 2234 2475 2531 2539; x_wconf 82' lang='lat' dir='ltr'><strong>officiosis</strong></span> <span class='ocrx_word' id='word_1_120' title='bbox 2566 2493 2712 2557; x_wconf 83' lang='lat' dir='ltr'><strong>quae</strong></span> 
     </span>
     <span class='ocr_line' id='line_1_16' title="bbox 550 2589 2707 2674; baseline -0.002 -16"><span class='ocrx_word' id='word_1_121' title='bbox 550 2591 943 2674; x_wconf 76' lang='lat' dir='ltr'><strong>corrigenda</strong></span> <span class='ocrx_word' id='word_1_122' title='bbox 970 2590 1125 2653; x_wconf 90' lang='lat' dir='ltr'><strong>sunt</strong></span> <span class='ocrx_word' id='word_1_123' title='bbox 1168 2589 1400 2651; x_wconf 87' lang='lat' dir='ltr'><strong>studiis</strong></span> <span class='ocrx_word' id='word_1_124' title='bbox 1442 2591 1923 2669; x_wconf 84' lang='lat' dir='ltr'><strong>peragantur...</strong></span> <span class='ocrx_word' id='word_1_125' title='bbox 1954 2589 2099 2652; x_wconf 88' lang='lat' dir='ltr'><strong>Ideo</strong></span> <span class='ocrx_word' id='word_1_126' title='bbox 2126 2591 2373 2669; x_wconf 85' lang='lat' dir='ltr'><strong>oportet</strong></span> <span class='ocrx_word' id='word_1_127' title='bbox 2415 2592 2505 2668; x_wconf 77' lang='lat' dir='ltr'><strong>ut,</strong></span> <span class='ocrx_word' id='word_1_128' title='bbox 2551 2590 2707 2673; x_wconf 87' lang='lat' dir='ltr'><strong>quia</strong></span> 
     </span>
     <span class='ocr_line' id='line_1_17' title="bbox 550 2703 2711 2785; baseline -0.002 -13"><span class='ocrx_word' id='word_1_129' title='bbox 550 2726 671 2773; x_wconf 88' lang='lat' dir='ltr'><strong>-ore</strong></span> <span class='ocrx_word' id='word_1_130' title='bbox 715 2705 1057 2770; x_wconf 85' lang='lat' dir='ltr'><strong>Salvatoris</strong></span> <span class='ocrx_word' id='word_1_131' title='bbox 1101 2703 1303 2767; x_wconf 87' lang='lat' dir='ltr'><strong>nostri</strong></span> <span class='ocrx_word' id='word_1_132' title='bbox 1347 2703 1607 2766; x_wconf 90' lang='lat' dir='ltr'><strong>Domini</strong></span> <span class='ocrx_word' id='word_1_133' title='bbox 1646 2704 1740 2767; x_wconf 88' lang='lat' dir='ltr'><strong>sal</strong></span> <span class='ocrx_word' id='word_1_134' title='bbox 1785 2705 1977 2768; x_wconf 83' lang='lat' dir='ltr'><strong>terrae</strong></span> <span class='ocrx_word' id='word_1_135' title='bbox 2004 2721 2142 2768; x_wconf 90' lang='lat' dir='ltr'><strong>esse</strong></span> <span class='ocrx_word' id='word_1_136' title='bbox 2169 2705 2562 2785; x_wconf 83' lang='lat' dir='ltr'><strong>probamini,</strong></span> <span class='ocrx_word' id='word_1_137' title='bbox 2594 2723 2711 2785; x_wconf 90' lang='lat' dir='ltr'><strong>per</strong></span> 
     </span>
     <span class='ocr_line' id='line_1_18' title="bbox 558 2819 2708 2903; baseline -0.002 -16"><span class='ocrx_word' id='word_1_138' title='bbox 558 2842 673 2887; x_wconf 71' lang='lat' dir='ltr'><strong>vos</strong></span> <span class='ocrx_word' id='word_1_139' title='bbox 699 2822 1070 2903; x_wconf 87' lang='lat' dir='ltr'><strong>salvationis</strong></span> <span class='ocrx_word' id='word_1_140' title='bbox 1088 2819 1372 2882; x_wconf 86' lang='lat' dir='ltr'><strong>obtineat</strong></span> <span class='ocrx_word' id='word_1_141' title='bbox 1393 2820 1685 2898; x_wconf 88' lang='lat' dir='ltr'><strong>lucrum,</strong></span> <span class='ocrx_word' id='word_1_142' title='bbox 1707 2838 1820 2901; x_wconf 90' lang='lat' dir='ltr'><strong>per</strong></span> <span class='ocrx_word' id='word_1_143' title='bbox 1844 2838 2008 2902; x_wconf 88' lang='lat' dir='ltr'><strong>quos</strong></span> <span class='ocrx_word' id='word_1_144' title='bbox 2030 2821 2542 2902; x_wconf 83' lang='lat' dir='ltr'><strong>regenerationis</strong></span> <span class='ocrx_word' id='word_1_145' title='bbox 2563 2840 2708 2903; x_wconf 90' lang='lat' dir='ltr'><strong>per-</strong></span> 
     </span>
     <span class='ocr_line' id='line_1_19' title="bbox 549 2934 2702 3018; baseline -0.001 -16"><span class='ocrx_word' id='word_1_146' title='bbox 549 2937 716 3018; x_wconf 81' lang='lat' dir='ltr'><strong>cipit</strong></span> <span class='ocrx_word' id='word_1_147' title='bbox 739 2937 1255 3014; x_wconf 83' lang='lat' dir='ltr'><strong>sacramentum3</strong></span> <span class='ocrx_word' id='word_1_148' title='bbox 1282 2935 1357 2997; x_wconf 93' lang='lat' dir='ltr'><strong>ut</strong></span> <span class='ocrx_word' id='word_1_149' title='bbox 1379 2934 1720 3015; x_wconf 83' lang='lat' dir='ltr'><strong>diligentia</strong></span> <span class='ocrx_word' id='word_1_150' title='bbox 1746 2935 2142 3001; x_wconf 90' lang='lat' dir='ltr'><strong>definitionis</strong></span> <span class='ocrx_word' id='word_1_151' title='bbox 2164 2939 2393 3001; x_wconf 85' lang='lat' dir='ltr'><strong>vestrae</strong></span> <span class='ocrx_word' id='word_1_152' title='bbox 2415 2938 2495 3000; x_wconf 84' lang='lat' dir='ltr'><strong>ab</strong></span> <span class='ocrx_word' id='word_1_153' title='bbox 2520 2936 2702 3001; x_wconf 89' lang='lat' dir='ltr'><strong>omni</strong></span> 
     </span>
     <span class='ocr_line' id='line_1_20' title="bbox 548 3049 2705 3131; baseline -0 -13"><span class='ocrx_word' id='word_1_154' title='bbox 548 3052 899 3119; x_wconf 82' lang='lat' dir='ltr'><strong>emendata</strong></span> <span class='ocrx_word' id='word_1_155' title='bbox 947 3050 1245 3131; x_wconf 88' lang='lat' dir='ltr'><strong>contagio</strong></span> <span class='ocrx_word' id='word_1_156' title='bbox 1289 3052 1353 3113; x_wconf 86' lang='lat' dir='ltr'><strong>et</strong></span> <span class='ocrx_word' id='word_1_157' title='bbox 1399 3051 1480 3114; x_wconf 88' lang='lat' dir='ltr'><strong>ab</strong></span> <span class='ocrx_word' id='word_1_158' title='bbox 1530 3049 1935 3115; x_wconf 86' lang='lat' dir='ltr'><strong>infirmitatis</strong></span> <span class='ocrx_word' id='word_1_159' title='bbox 1982 3053 2158 3131; x_wconf 88' lang='lat' dir='ltr'><strong>peste</strong></span> <span class='ocrx_word' id='word_1_160' title='bbox 2206 3053 2289 3116; x_wconf 90' lang='lat' dir='ltr'><strong>sit</strong></span> <span class='ocrx_word' id='word_1_161' title='bbox 2334 3052 2598 3117; x_wconf 86' lang='lat' dir='ltr'><strong>liberata</strong></span> <span class='ocrx_word' id='word_1_162' title='bbox 2641 3053 2705 3117; x_wconf 88' lang='lat' dir='ltr'><strong>et</strong></span> 
     </span>
     <span class='ocr_line' id='line_1_21' title="bbox 558 3165 2699 3246; baseline -0.001 -14"><span class='ocrx_word' id='word_1_163' title='bbox 558 3170 883 3232; x_wconf 86' lang='lat' dir='ltr'><strong>bonorum</strong></span> <span class='ocrx_word' id='word_1_164' title='bbox 938 3165 1241 3229; x_wconf 88' lang='lat' dir='ltr'><strong>omnium</strong></span> <span class='ocrx_word' id='word_1_165' title='bbox 1291 3165 1704 3246; x_wconf 82' lang='lat' dir='ltr'><strong>proventibus</strong></span> <span class='ocrx_word' id='word_1_166' title='bbox 1754 3166 2052 3246; x_wconf 87' lang='lat' dir='ltr'><strong>gratiosa.</strong></span> <span class='ocrx_word' id='word_1_167' title='bbox 2088 3189 2118 3226; x_wconf 70' lang='lat' dir='ltr'><strong>n</strong></span> <span class='ocrx_word' id='word_1_168' title='bbox 2178 3168 2559 3246; x_wconf 83' lang='lat' dir='ltr'><strong>(Allocution</strong></span> <span class='ocrx_word' id='word_1_169' title='bbox 2613 3166 2699 3230; x_wconf 90' lang='lat' dir='ltr'><strong>du</strong></span> 
     </span>
     <span class='ocr_line' id='line_1_22' title="bbox 555 3280 2702 3364; baseline -0.001 -16"><span class='ocrx_word' id='word_1_170' title='bbox 555 3285 658 3348; x_wconf 87' lang='lat' dir='ltr'><strong>roi</strong></span> <span class='ocrx_word' id='word_1_171' title='bbox 698 3283 930 3364; x_wconf 84' lang='lat' dir='ltr'><strong>Ervige</strong></span> <span class='ocrx_word' id='word_1_172' title='bbox 976 3300 1102 3345; x_wconf 88' lang='lat' dir='ltr'><strong>aux</strong></span> <span class='ocrx_word' id='word_1_173' title='bbox 1142 3280 1328 3344; x_wconf 79' lang='lat' dir='ltr'><strong>Peres</strong></span> <span class='ocrx_word' id='word_1_174' title='bbox 1375 3280 1462 3343; x_wconf 90' lang='lat' dir='ltr'><strong>du</strong></span> <span class='ocrx_word' id='word_1_175' title='bbox 1505 3280 1839 3345; x_wconf 78' lang='lat' dir='ltr'><strong>douzieme</strong></span> <span class='ocrx_word' id='word_1_176' title='bbox 1885 3282 2134 3346; x_wconf 85' lang='lat' dir='ltr'><strong>concile</strong></span> <span class='ocrx_word' id='word_1_177' title='bbox 2169 3282 2247 3345; x_wconf 91' lang='lat' dir='ltr'><strong>de</strong></span> <span class='ocrx_word' id='word_1_178' title='bbox 2285 3282 2538 3361; x_wconf 80' lang='lat' dir='ltr'><strong>Tolede,</strong></span> <span class='ocrx_word' id='word_1_179' title='bbox 2568 3283 2702 3346; x_wconf 87' lang='lat' dir='ltr'><strong>l&#39;an</strong></span> 
     </span>
     <span class='ocr_line' id='line_1_23' title="bbox 552 3397 729 3478; baseline -0.006 -19"><span class='ocrx_word' id='word_1_180' title='bbox 552 3397 729 3478; x_wconf 59' lang='lat'><strong>4381.)</strong></span> 
     </span>
    </p>

    <p class='ocr_par' dir='ltr' id='par_1_4' title="bbox 543 3510 2741 4618">
     <span class='ocr_line' id='line_1_24' title="bbox 636 3510 2700 3588; baseline 0.001 -14"><span class='ocrx_word' id='word_1_181' title='bbox 636 3512 792 3574; x_wconf 87' lang='lat' dir='ltr'><strong>L&#39;an</strong></span> <span class='ocrx_word' id='word_1_182' title='bbox 839 3517 1022 3586; x_wconf 76' lang='lat'><strong>1473,</strong></span> <span class='ocrx_word' id='word_1_183' title='bbox 1066 3528 1160 3572; x_wconf 88' lang='lat' dir='ltr'><strong>un</strong></span> <span class='ocrx_word' id='word_1_184' title='bbox 1209 3510 1394 3574; x_wconf 88' lang='lat' dir='ltr'><strong>autre</strong></span> <span class='ocrx_word' id='word_1_185' title='bbox 1439 3512 1685 3575; x_wconf 85' lang='lat' dir='ltr'><strong>concile</strong></span> <span class='ocrx_word' id='word_1_186' title='bbox 1731 3511 1809 3575; x_wconf 92' lang='lat' dir='ltr'><strong>de</strong></span> <span class='ocrx_word' id='word_1_187' title='bbox 1853 3511 2110 3588; x_wconf 77' lang='lat' dir='ltr'><strong>Tolede,</strong></span> <span class='ocrx_word' id='word_1_188' title='bbox 2154 3510 2569 3575; x_wconf 79' lang='lat' dir='ltr'><strong>considerant</strong></span> <span class='ocrx_word' id='word_1_189' title='bbox 2606 3512 2700 3576; x_wconf 88' lang='lat' dir='ltr'><strong>les</strong></span> 
     </span>
     <span class='ocr_line' id='line_1_25' title="bbox 556 3616 2696 3700; baseline 0 -19"><span class='ocrx_word' id='word_1_190' title='bbox 556 3636 754 3681; x_wconf 85' lang='lat' dir='ltr'><strong>maux</strong></span> <span class='ocrx_word' id='word_1_191' title='bbox 800 3616 1208 3699; x_wconf 83' lang='lat' dir='ltr'><strong>qu&#39;entraine</strong></span> <span class='ocrx_word' id='word_1_192' title='bbox 1249 3617 1726 3697; x_wconf 86' lang='lat' dir='ltr'><strong>l&#39;interruption</strong></span> <span class='ocrx_word' id='word_1_193' title='bbox 1772 3618 1883 3683; x_wconf 89' lang='lat' dir='ltr'><strong>des</strong></span> <span class='ocrx_word' id='word_1_194' title='bbox 1930 3618 2207 3682; x_wconf 79' lang='lat' dir='ltr'><strong>concites</strong></span> <span class='ocrx_word' id='word_1_195' title='bbox 2249 3620 2696 3700; x_wconf 83' lang='lat' dir='ltr'><strong>provinciaux,</strong></span> 
     </span>
     <span class='ocr_line' id='line_1_26' title="bbox 548 3730 2700 3815; baseline 0 -20"><span class='ocrx_word' id='word_1_196' title='bbox 548 3730 901 3813; x_wconf 83' lang='lat' dir='ltr'><strong>exprimait</strong></span> <span class='ocrx_word' id='word_1_197' title='bbox 929 3730 1096 3794; x_wconf 89' lang='lat' dir='ltr'><strong>ainsi</strong></span> <span class='ocrx_word' id='word_1_198' title='bbox 1125 3748 1195 3794; x_wconf 88' lang='lat' dir='ltr'><strong>sa</strong></span> <span class='ocrx_word' id='word_1_199' title='bbox 1221 3730 1493 3794; x_wconf 87' lang='lat' dir='ltr'><strong>douleur</strong></span> <span class='ocrx_word' id='word_1_200' title='bbox 1529 3731 1610 3795; x_wconf 92' lang='lat' dir='ltr'><strong>de</strong></span> <span class='ocrx_word' id='word_1_201' title='bbox 1637 3750 1710 3796; x_wconf 88' lang='lat' dir='ltr'><strong>ce</strong></span> <span class='ocrx_word' id='word_1_202' title='bbox 1737 3753 1864 3815; x_wconf 87' lang='lat' dir='ltr'><strong>que</strong></span> <span class='ocrx_word' id='word_1_203' title='bbox 1896 3736 1960 3797; x_wconf 84' lang='lat' dir='ltr'><strong>la</strong></span> <span class='ocrx_word' id='word_1_204' title='bbox 1986 3732 2376 3797; x_wconf 80' lang='lat' dir='ltr'><strong>celebration</strong></span> <span class='ocrx_word' id='word_1_205' title='bbox 2404 3752 2490 3797; x_wconf 90' lang='lat' dir='ltr'><strong>en</strong></span> <span class='ocrx_word' id='word_1_206' title='bbox 2528 3734 2700 3797; x_wconf 87' lang='lat' dir='ltr'><strong>avait</strong></span> 
     </span>
     <span class='ocr_line' id='line_1_27' title="bbox 546 3844 2695 3930; baseline 0.001 -21"><span class='ocrx_word' id='word_1_207' title='bbox 546 3846 659 3910; x_wconf 70' lang='lat' dir='ltr'><strong>ete</strong></span> <span class='ocrx_word' id='word_1_208' title='bbox 699 3846 924 3928; x_wconf 89' lang='lat' dir='ltr'><strong>depuis</strong></span> <span class='ocrx_word' id='word_1_209' title='bbox 961 3846 1326 3928; x_wconf 88' lang='lat' dir='ltr'><strong>longtemps</strong></span> <span class='ocrx_word' id='word_1_210' title='bbox 1355 3844 1705 3927; x_wconf 73' lang='lat' dir='ltr'><strong>empechee</strong></span> <span class='ocrx_word' id='word_1_211' title='bbox 1748 3867 1832 3911; x_wconf 90' lang='lat' dir='ltr'><strong>en</strong></span> <span class='ocrx_word' id='word_1_212' title='bbox 1866 3853 2156 3930; x_wconf 89' lang='lat' dir='ltr'><strong>Espagne</strong></span> <span class='ocrx_word' id='word_1_213' title='bbox 2209 3867 2225 3911; x_wconf 72' lang='grc' dir='ltr'>ε</span> <span class='ocrx_word' id='word_1_214' title='bbox 2288 3871 2320 3908; x_wconf 73' lang='grc' dir='ltr'>α</span> <span class='ocrx_word' id='word_1_215' title='bbox 2367 3854 2499 3912; x_wconf 89' lang='lat' dir='ltr'><strong>Hoc</strong></span> <span class='ocrx_word' id='word_1_216' title='bbox 2540 3866 2695 3912; x_wconf 86' lang='lat' dir='ltr'><strong>sane</strong></span> 
     </span>
     <span class='ocr_line' id='line_1_28' title="bbox 546 3960 2697 4043; baseline 0.001 -20"><span class='ocrx_word' id='word_1_217' title='bbox 546 3960 807 4024; x_wconf 79' lang='lat' dir='ltr'><strong>coelitus</strong></span> <span class='ocrx_word' id='word_1_218' title='bbox 843 3960 1047 4025; x_wconf 87' lang='lat' dir='ltr'><strong>edocti</strong></span> <span class='ocrx_word' id='word_1_219' title='bbox 1097 3960 1449 4039; x_wconf 82' lang='lat' dir='ltr'><strong>intuenteS,</strong></span> <span class='ocrx_word' id='word_1_220' title='bbox 1495 3978 1826 4025; x_wconf 85' lang='lat' dir='ltr'><strong>canonum</strong></span> <span class='ocrx_word' id='word_1_221' title='bbox 1872 3962 2235 4027; x_wconf 86' lang='lat' dir='ltr'><strong>conditores</strong></span> <span class='ocrx_word' id='word_1_222' title='bbox 2279 3962 2543 4043; x_wconf 79' lang='lat' dir='ltr'><strong>provide</strong></span> <span class='ocrx_word' id='word_1_223' title='bbox 2587 3961 2697 4025; x_wconf 90' lang='lat' dir='ltr'><strong>de-</strong></span> 
     </span>
     <span class='ocr_line' id='line_1_29' title="bbox 553 4076 2741 4158; baseline 0.001 -20"><span class='ocrx_word' id='word_1_224' title='bbox 553 4076 902 4138; x_wconf 87' lang='lat' dir='ltr'><strong>creverunt</strong></span> <span class='ocrx_word' id='word_1_225' title='bbox 938 4077 1340 4139; x_wconf 83' lang='lat' dir='ltr'><strong>sacrosancta</strong></span> <span class='ocrx_word' id='word_1_226' title='bbox 1375 4077 1517 4157; x_wconf 85' lang='lat' dir='ltr'><strong>ipsa</strong></span> <span class='ocrx_word' id='word_1_227' title='bbox 1549 4078 1969 4158; x_wconf 85' lang='lat' dir='ltr'><strong>provincialia</strong></span> <span class='ocrx_word' id='word_1_228' title='bbox 1997 4077 2272 4141; x_wconf 80' lang='lat' dir='ltr'><strong>concilia</strong></span> <span class='ocrx_word' id='word_1_229' title='bbox 2309 4094 2424 4157; x_wconf 89' lang='lat' dir='ltr'><strong>per</strong></span> <span class='ocrx_word' id='word_1_230' title='bbox 2461 4079 2697 4140; x_wconf 89' lang='lat' dir='ltr'><strong>metro-</strong></span> <span class='ocrx_word' id='word_1_231' title='bbox 2736 4149 2741 4156; x_wconf 43' lang='grc'><strong>,</strong></span> 
     </span>
     <span class='ocr_line' id='line_1_30' title="bbox 548 4188 2695 4273; baseline 0.003 -23"><span class='ocrx_word' id='word_1_232' title='bbox 548 4188 871 4270; x_wconf 80' lang='lat' dir='ltr'><strong>politanos</strong></span> <span class='ocrx_word' id='word_1_233' title='bbox 914 4190 1229 4253; x_wconf 83' lang='lat' dir='ltr'><strong>antistites</strong></span> <span class='ocrx_word' id='word_1_234' title='bbox 1265 4209 1418 4253; x_wconf 89' lang='lat' dir='ltr'><strong>cum</strong></span> <span class='ocrx_word' id='word_1_235' title='bbox 1459 4209 1688 4254; x_wconf 88' lang='lat' dir='ltr'><strong>eorum</strong></span> <span class='ocrx_word' id='word_1_236' title='bbox 1732 4191 2152 4273; x_wconf 82' lang='lat' dir='ltr'><strong>suffraganeis</strong></span> <span class='ocrx_word' id='word_1_237' title='bbox 2194 4191 2385 4255; x_wconf 76' lang='lat' dir='ltr'><strong>annIs</strong></span> <span class='ocrx_word' id='word_1_238' title='bbox 2414 4191 2695 4272; x_wconf 87' lang='lat' dir='ltr'><strong>singulis</strong></span> 
     </span>
     <span class='ocr_line' id='line_1_31' title="bbox 543 4302 2696 4398; baseline 0.001 -30"><span class='ocrx_word' id='word_1_239' title='bbox 543 4302 956 4368; x_wconf 76' lang='lat' dir='ltr'><strong>celebranda.</strong></span> <span class='ocrx_word' id='word_1_240' title='bbox 1005 4303 1150 4382; x_wconf 87' lang='lat' dir='ltr'><strong>Sed,</strong></span> <span class='ocrx_word' id='word_1_241' title='bbox 1195 4305 1359 4385; x_wconf 88' lang='lat' dir='ltr'><strong>proh</strong></span> <span class='ocrx_word' id='word_1_242' title='bbox 1396 4304 1610 4398; x_wconf 83' lang='lat' dir='ltr'><strong>dolor!</strong></span> <span class='ocrx_word' id='word_1_243' title='bbox 1657 4305 1912 4386; x_wconf 89' lang='lat' dir='ltr'><strong>generis</strong></span> <span class='ocrx_word' id='word_1_244' title='bbox 1941 4306 2250 4369; x_wconf 88' lang='lat' dir='ltr'><strong>inimicus</strong></span> <span class='ocrx_word' id='word_1_245' title='bbox 2280 4306 2556 4369; x_wconf 89' lang='lat' dir='ltr'><strong>humani</strong></span> <span class='ocrx_word' id='word_1_246' title='bbox 2600 4306 2696 4370; x_wconf 85' lang='lat' dir='ltr'><strong>tot</strong></span> 
     </span>
     <span class='ocr_line' id='line_1_32' title="bbox 551 4417 2695 4502; baseline 0 -20"><span class='ocrx_word' id='word_1_247' title='bbox 551 4417 998 4482; x_wconf 88' lang='lat' dir='ltr'><strong>calamitatum</strong></span> <span class='ocrx_word' id='word_1_248' title='bbox 1020 4419 1362 4498; x_wconf 87' lang='lat' dir='ltr'><strong>pressuris,</strong></span> <span class='ocrx_word' id='word_1_249' title='bbox 1382 4421 1604 4502; x_wconf 88' lang='lat' dir='ltr'><strong>totque</strong></span> <span class='ocrx_word' id='word_1_250' title='bbox 1626 4420 2108 4485; x_wconf 86' lang='lat' dir='ltr'><strong>turbationibus</strong></span> <span class='ocrx_word' id='word_1_251' title='bbox 2124 4422 2190 4483; x_wconf 91' lang='lat' dir='ltr'><strong>et</strong></span> <span class='ocrx_word' id='word_1_252' title='bbox 2208 4420 2522 4484; x_wconf 77' lang='lat' dir='ltr'><strong>aerumnis</strong></span> <span class='ocrx_word' id='word_1_253' title='bbox 2543 4419 2695 4483; x_wconf 89' lang='lat' dir='ltr'><strong>uni-</strong></span> 
     </span>
     <span class='ocr_line' id='line_1_33' title="bbox 548 4533 2692 4618; baseline 0.002 -22"><span class='ocrx_word' id='word_1_254' title='bbox 548 4551 806 4597; x_wconf 68' lang='lat' dir='ltr'><strong>versam</strong></span> <span class='ocrx_word' id='word_1_255' title='bbox 844 4533 1114 4615; x_wconf 83' lang='lat' dir='ltr'><strong>replevit</strong></span> <span class='ocrx_word' id='word_1_256' title='bbox 1146 4533 1551 4616; x_wconf 88' lang='lat' dir='ltr'><strong>Hispaniam,</strong></span> <span class='ocrx_word' id='word_1_257' title='bbox 1586 4536 1828 4601; x_wconf 85' lang='lat' dir='ltr'><strong>uttam</strong></span> <span class='ocrx_word' id='word_1_258' title='bbox 1852 4536 2034 4618; x_wconf 86' lang='lat' dir='ltr'><strong>pium</strong></span> <span class='ocrx_word' id='word_1_259' title='bbox 2068 4538 2496 4618; x_wconf 87' lang='lat' dir='ltr'><strong>sanctumque</strong></span> <span class='ocrx_word' id='word_1_260' title='bbox 2526 4552 2692 4616; x_wconf 85' lang='lat' dir='ltr'><strong>opus</strong></span> 
     </span>
    </p>
   </div>
  </div>
 </body>
</html>
