3038 5623
417 808 724 856 conclu-3
779 810 989 856 Pnov.
1032 809 1170 855 PAR
1217 808 1545 855 RAPPORT
1589 808 1687 855 Au
1742 792 2208 857 sAm‘r-snicn.
2316 789 2456 860 329

323 957 414 1013 ter
438 967 553 1013 nos
577 957 633 1012 et
673 959 924 1014 coeteros
964 950 1302 1031 Episcopos
1344 950 1756 1014 contentiones
1783 959 1948 1014 sum.
1980 951 2260 1014 Petimus
2291 959 2362 1014 ut
2387 951 2462 1015 de

323 1065 535 1131 Gallia
561 1063 737 1127 nobis
754 1064 993 1145 judices
1006 1064 1152 1128 dari
1170 1064 1497 1145 proecipiat
1513 1066 1712 1145 pietas
1734 1073 1867 1128 tua.
1896 1069 2072 1130 Datoe
2090 1082 2133 1129 a
2154 1066 2460 1148 Luciano,

319 1180 645 1257 Nassutio,
676 1179 898 1258 Diqno,
923 1180 1244 1260 Capitone,
1269 1178 1555 1243 Fidenlio
1573 1185 1629 1242 et
1659 1179 1894 1242 coeteris
1919 1180 2240 1260 Episcopis
2256 1181 2458 1260 partis

318 1295 575 1358 Donati.
605 1293 851 1370 Quibus
877 1294 1055 1358 lectis
1078 1293 1540 1357 Constantinus
1567 1296 1759 1375 pleno
1785 1294 1988 1358 livore
2010 1294 2363 1375 respondit.
2387 1299 2460 1358 In

320 1427 448 1491 qua
473 1408 892 1489 responsione
918 1410 1239 1473 eteorum
1268 1426 1488 1490 preces
1535 1407 1839 1489 prodidit,
1883 1408 2045 1471 dum
2074 1408 2167 1472 ait
2194 1427 2211 1470 :
2242 1408 2461 1472 Petitis

320 1542 355 1588 a
382 1524 585 1588 mein
618 1523 851 1617 saeculo
867 1522 1223 1603 Judicium,
1253 1542 1405 1588 cum
1445 1542 1565 1605 ego
1588 1524 1723 1604 ipse
1753 1521 1986 1587 Christi
2005 1521 2328 1604 judicium
2356 1540 2463 1586 ex-

318 1641 565 1720 pectem
583 1657 606 1717 3
631 1639 696 1702 et
722 1640 942 1703 tamen
972 1638 1104 1702 dati
1134 1640 1288 1702 sunt
1310 1637 1581 1719 judices,
1615 1661 1646 1698 n
1688 1638 1911 1721 (Optat.
1935 1639 2099 1716 Mil„
2121 1638 2233 1701 lib.
2264 1640 2335 1716 Ι.)

395 1754 578 1818 Saint
625 1752 949 1833 Augustin
996 1753 1140 1816 leur
1180 1752 1487 1835 reproche
1531 1753 1611 1817 de
1657 1753 1843 1818 s'etre
1893 1752 2180 1818 adresses
2228 1753 2394 1817 ainsi
2420 1753 2458 1817 a

316 1869 703 1948 l'empereur
731 1884 893 1947 pour
915 1885 1179 1931 accuser
1205 1868 1495 1950 l'eveque
1517 1868 1818 1946 Cecilien,
1835 1887 1918 1932 au
1938 1869 2071 1933 lieu
2086 1868 2164 1933 de
2190 1867 2458 1932 s’adres-

318 2002 419 2048 ser
444 2002 530 2047 au
560 1981 953 2065 Saint-Siege
986 2002 1003 2045 ε
1031 2004 1065 2043 «
1088 1984 1235 2048 lllos
1262 1986 1480 2048 autem
1517 1984 1727 2065 magis
1750 1984 1908 2048 hinc
1933 1984 2277 2065 arguimus
2305 1982 2458 2066 quia

315 2099 481 2181 apud
498 2100 960 2180 imperatorem
972 2099 1142 2162 ultro
1156 2098 1547 2163 cecilianum
1559 2102 2043 2176 accusaverunt,
2059 2116 2258 2180 quem
2272 2098 2370 2179 pri
2381 2115 2458 2161 us

314 2212 483 2295 apud
514 2214 790 2295 collegas
815 2213 1287 2277 transmarinos
1301 2215 1684 2278 convincere
1699 2213 2080 2277 debuerant.
2103 2234 2134 2271 n
2166 2215 2300 2291 (Ep.
2325 2214 2454 2290 48.)

314 2330 389 2391 Et
411 2329 458 2391 il
482 2330 696 2409 ajoute
721 2346 846 2411 que
872 2329 1285 2410 l'empereur,
1317 2328 1600 2411 quoique
1637 2325 2126 2401 catechumene,
2175 2344 2214 2388 a
2241 2326 2459 2389 mieux

314 2444 413 2525 agi
473 2444 709 2525 qu'eux
748 2461 845 2519 en
883 2444 1245 2525 renvoyant
1273 2444 1333 2507 le
1379 2443 1722 2523 jugement
1748 2441 1828 2505 de
1857 2443 2023 2506 cette
2051 2459 2240 2505 cause
2272 2441 2308 2505 a
2343 2441 2459 2523 qui

315 2557 392 2621 de
420 2557 595 2621 droit
625 2576 642 2620 ε
675 2580 710 2618 «
740 2563 881 2639 Ipso
917 2560 1141 2622 autem
1177 2558 1568 2639 imperatore
1599 2557 1789 2639 longe
1816 2556 2176 2621 ordinatius
2227 2558 2458 2638 agente

315 2674 388 2736 ut
422 2673 886 2755 Episcoporum
938 2692 1204 2738 causam
1246 2673 1327 2738 ad
1369 2691 1437 2737 se
1482 2672 1762 2737 delatam
1806 2672 1888 2736 ad
1934 2673 2276 2754 Episcopos
2308 2672 2459 2735 mit-

315 2788 502 2854 teret.
538 2811 570 2848 i>

394 2908 488 2968 01⁸1
511 2904 679 2968 donc
699 2906 914 2970 Pierre
943 2905 1021 2969 de
1040 2909 1251 2971 Marca
1269 2906 1521 2969 avait-il
1539 2905 1768 2970 trouve
1800 2924 1895 2970 un
1923 2923 2161 2983 canon,
2183 2922 2278 2968 un
2309 2921 2453 2968 mo-

315 3019 596 3082 nument
625 3020 704 3083 de
731 3022 1035 3084 coutume
1063 3019 1556 3103 ecclesiamque,
1585 3039 1680 3084 un
1707 3021 1996 3100 exemple
2035 3020 2456 3102 quelconque,

316 3135 428 3215 qui
459 3135 773 3198 autorisat
795 3135 834 3199 a
862 3136 1004 3200 dire
1032 3155 1184 3219 que,
1210 3136 1457 3218 d'apres
1479 3136 1541 3205 le
1564 3136 1733 3199 droit
1756 3135 2015 3213 d'alorS,
2036 3151 2197 3197 ceux
2221 3133 2333 3214 qui
2354 3151 2461 3213 ap-

317 3249 597 3329 pelaient
624 3248 736 3313 des
779 3251 1115 3315 sentences
1152 3250 1488 3333 synodales
1516 3250 1821 3314 devaient
1847 3248 2143 3312 adresser
2181 3247 2326 3310 leur
2349 3264 2460 3327 ap-

317 3362 417 3443 pel
448 3381 576 3426 aux
605 3364 859 3444 princes
884 3367 949 3431 et
972 3384 1098 3429 aux
1121 3366 1294 3430 rois‘?
1319 3366 1528 3429 Est-ce
1557 3383 1683 3428 aux
1709 3364 1838 3427 rois
1861 3381 1947 3427 ou
1971 3363 2008 3426 a
2043 3362 2213 3426 saint
2245 3362 2461 3426 Pierre

317 3494 441 3558 que
463 3478 891 3544 ,Iesus-Christ
910 3500 947 3543 a
966 3480 1098 3544 dit:
1120 3483 1433 3563 confirma
1456 3481 1689 3563 fratres
1705 3479 2101 3551 tuosrssst-ee
2126 3496 2208 3541 au
2238 3477 2461 3558 prince

316 3610 399 3656 ou
431 3610 514 3655 au
547 3597 712 3674 Pape
748 3612 876 3675 que
896 3598 1323 3659 recoururent
1343 3595 1641 3675 Basilide,
1670 3594 1907 3672 privat,
1929 3595 2268 3671 Fortunat,
2291 3593 2461 3656 saint

317 3707 641 3772 Athanase
664 3711 729 3773 et
755 3709 851 3773 les
877 3712 1094 3776 autres
1117 3711 1276 3775 dont
1297 3730 1461 3775 nous
1488 3730 1690 3777 avons
1720 3709 1842 3775 cite
1869 3711 1960 3773 les
1983 3710 2242 3790 appels‘?

396 3824 616 3901 Quelle
641 3826 737 3887 est
761 3823 928 3888 donc
956 3825 1120 3889 cette
1144 3827 1365 3890 manie
1391 3826 1472 3890 de
1491 3825 1858 3908 regalisme‚
1888 3825 2047 3888 cette
2070 3817 2460 3887 obstination

320 3935 355 3999 a
384 3938 546 4002 faire
570 3938 651 4002 de
675 3939 932 4021 l'Fglise
958 3959 1086 4016 une
1117 3941 1309 4005 chose
1329 3941 1415 4005 du
1446 3942 1723 4023 pouvoir
1749 3939 1927 4014 civil,
1956 3940 2056 4002 cet
2079 3938 2460 4001 inconceva-

241 4108 251 4116 .
318 4052 420 4116 ble
445 4053 671 4117 besoin
701 4053 780 4118 de
810 4071 1051 4136 ronger
1079 4058 1142 4119 et
1168 4055 1247 4120 de
1275 4057 1579 4121 corroder
1600 4056 1637 4120 a
1666 4056 1810 4120 tout
1837 4071 2068 4137 propos
2090 4053 2460 4116 l'incontes-

320 4168 490 4231 table
510 4169 851 4249 puissance
877 4169 1129 4235 donnee
1158 4190 1240 4235 au
1267 4190 1637 4236 successeur
1659 4172 1738 4236 de
1767 4171 2005 4246 Pierre,
2035 4187 2199 4250 pour
2220 4186 2304 4232 en
2347 4185 2462 4249 ap-

320 4285 540 4361 porter
558 4285 654 4347 les
684 4283 902 4348 debris
925 4304 1009 4349 au
1035 4286 1180 4367 pied
1208 4286 1318 4350 des
1333 4286 1560 4351 trenes
1590 4287 1960 4368 temporeIS,
1988 4286 2051 4349 et
2081 4283 2354 4347 affubler
2376 4299 2461 4345 en

321 4402 517 4480 Papes
544 4399 639 4462 les
675 4398 807 4462 rois
831 4398 910 4464 de
937 4401 1000 4464 la
1043 4401 1253 4466 terre?
1286 4403 1361 4464 Et
1402 4404 1734 4466 comment
1773 4400 2275 4483 l'aveuglement
2305 4397 2460 4460 d'un
