3038 5623
614 812 756 882 566
1299 815 1707 892 CINQmimn
1764 833 2041 880 mnne.

601 976 763 1059 jocis
806 975 1137 1040 inserviat.
1180 975 1414 1040 Nullus
1453 976 1522 1039 in
1561 976 1849 1041 tabernis
1886 977 2084 1040 bibat.
2129 977 2415 1059 Quisque
2456 978 2751 1040 vestrum

606 1091 930 1174 quantum
955 1091 1116 1173 sapit
1139 1090 1218 1155 de
1242 1091 1594 1172 Evangelio
1616 1091 1941 1155 dominico
1968 1092 2032 1156 et
2066 1092 2311 1156 caeteris
2338 1092 2580 1156 festivis
2610 1091 2749 1154 die-

606 1206 731 1270 bus
756 1224 889 1271 suae
918 1206 1087 1288 plebi
1116 1206 1485 1270 annuntiet.
1511 1207 1799 1270 Verbum
1827 1207 2084 1270 Domini
2115 1207 2477 1288 praedicate.
2512 1214 2748 1270 Curam

605 1338 997 1404 pauperum,
1022 1321 1543 1403 peregrinorum,
1563 1320 1914 1384 viduarum
1940 1323 2004 1385 et
2028 1322 2476 1403 orphanorum
2493 1321 2748 1400 habete,

609 1437 909 1518 ipsosque
958 1437 1335 1519 peregrinos
1382 1436 1462 1499 ad
1515 1436 1869 1517 prandium
1916 1438 2209 1501 vestrum
2254 1439 2495 1501 vocate.
2540 1439 2753 1502 Estote

605 1551 974 1634 hospitales,
991 1552 1133 1616 aliis
1148 1551 1376 1616 exinde
1400 1553 1648 1616 bonum
1672 1554 2045 1634 exemplum
2066 1553 2441 1635 praebentes.
2466 1552 2752 1634 Singulis

605 1666 834 1730 diebus
863 1666 1230 1747 dominicis,
1265 1669 1415 1732 ante
1459 1667 1754 1746 missam,
1787 1685 2024 1750 aquam
2067 1686 2196 1750 qua
2230 1668 2504 1749 populus
2530 1685 2752 1748 asper-

607 1784 824 1864 gatur,
849 1782 1234 1859 benedicite,
1270 1783 1348 1847 ad
1380 1802 1544 1866 quos
1570 1802 1684 1847 vas
1712 1785 2048 1866 proprium
2093 1784 2347 1849 habete.
2380 1789 2548 1848 Vasa
2576 1802 2759 1848 sacra

603 1899 670 1963 et
691 1898 1070 1962 vestimenta
1114 1898 1530 1964 sacerdotalia
1574 1900 1777 1979 nolite
1806 1900 2191 1982 negotiatori
2233 1902 2348 1964 aut
2385 1900 2758 1964 tabernario

605 2012 675 2076 in
708 2013 944 2095 pignus
986 2012 1160 2078 dare.
1203 2014 1418 2079 Minus
1460 2014 1659 2096 digne
1700 2015 2128 2096 poenitentem
2155 2017 2635 2097 cujuscumque
2665 2014 2758 2077 rei

606 2129 816 2210 gratia
845 2128 925 2192 ad
955 2130 1545 2194 reconciliationem
1584 2148 1716 2194 non
1749 2129 2072 2208 adducite,
2118 2147 2332 2213 neque
2365 2130 2425 2194 ei
2458 2130 2756 2194 reconci-

607 2245 892 2310 liationis
913 2246 1360 2310 testimonium
1387 2247 1741 2327 perhibete.
1774 2250 2013 2310 Usuras
2044 2264 2179 2309 non
2209 2245 2439 2328 exigite
2456 2271 2474 2325 3
2509 2264 2633 2310 nec
2660 2247 2757 2309 fa-

603 2364 872 2427 cultates
912 2364 1155 2427 vestras
1193 2364 1333 2443 post
1370 2361 1852 2426 ordinationem
1887 2364 2169 2426 vestram
2215 2361 2562 2444 acquisitas
2608 2361 2756 2425 alie-

610 2482 787 2558 nate,
808 2478 1121 2562 quoniam
1153 2478 1446 2543 Ecclesia>
1473 2481 1649 2542 sunt.
1681 2479 1913 2542 Nullus
1932 2479 2128 2542 etiam
2149 2496 2274 2556 res,
2301 2478 2752 2558 possessiones,

605 2596 719 2657 aut
747 2594 1154 2676 mancipium
1178 2596 1471 2660 Ecclesiae
1498 2594 1803 2675 vendere,
1836 2601 2269 2671 commutare,
2296 2596 2412 2658 aut
2439 2612 2754 2677 quocum-

606 2725 734 2791 que
765 2708 1030 2790 ingenio
1053 2711 1403 2792 praesumat
1429 2711 1738 2775 alienare.
1761 2711 1992 2774 Nullus
2014 2709 2332 2774 decimam
2365 2709 2635 2773 alterius
2662 2726 2753 2771 re-

604 2824 820 2906 cipiat.
876 2825 1104 2890 Nullus
1141 2827 1561 2907 poenitentem
1605 2844 1871 2890 carnem
1904 2824 2323 2904 manducare,
2366 2824 2482 2888 aut
2518 2825 2750 2888 vinum

606 2940 828 3005 bibere
856 2940 1104 3018 invitet,
1135 2941 1263 3005 nisi
1284 2959 1401 3022 pro
1419 2959 1494 3005 eo
1513 2942 1672 3007 tunc
1698 2942 2179 3024 eleemosynam
2206 2940 2448 3005 fecerit.
2475 2941 2752 3022 Quisque

607 3055 816 3121 sontes
834 3056 1244 3138 baptismales
1271 3056 1556 3139 lapideos
1578 3058 1811 3122 habeat
1837 3058 2004 3121 bene
2029 3055 2310 3120 mundos
2324 3082 2342 3136 ;
2371 3074 2536 3139 quos
2563 3057 2618 3120 si
2643 3057 2748 3119 ha-

609 3172 763 3237 bere
783 3191 915 3236 non
937 3172 1189 3255 poterit,
1218 3190 1332 3236 vas
1364 3173 1543 3237 aliud
1576 3173 1655 3236 ad
1678 3173 1798 3237 hoc
1824 3191 1987 3255 opus
2015 3173 2227 3236 solum
2253 3171 2642 3254 deputatum
2667 3173 2749 3235 te-

610 3287 782 3351 neat.
814 3287 1131 3352 Omnibus
1159 3287 1567 3370 parochianis
1608 3288 1836 3352 vestris
1874 3289 2244 3370 symbolum
2289 3290 2349 3351 et
2391 3288 2747 3351 orationem

611 3400 1011 3466 dominicam
1054 3402 1402 3468 insinuate.
1455 3405 1715 3486 Jejunia
1759 3406 2037 3486 quatuor
2090 3406 2465 3485 temporum
2513 3404 2582 3466 et
2632 3401 2749 3465 alia

612 3516 904 3579 Ecclesiae
942 3517 1247 3581 mandata
1280 3519 1639 3601 significate
1680 3520 2105 3584 observanda.
2138 3521 2305 3583 Ante
2332 3517 2747 3601 quadragesi-

614 3650 796 3695 mam
820 3633 1052 3714 quarta
1068 3634 1229 3697 feria
1257 3635 1574 3716 populum
1599 3634 1678 3698 ad
1699 3635 2168 3699 confessionem
2199 3634 2490 3710 invitate,
2521 3635 2586 3697 et
2609 3649 2750 3696 con-

614 3748 800 3813 fessis
843 3750 1028 3831 juxta
1070 3750 1448 3833 quaIItatem
1484 3751 1847 3815 criminum
1897 3748 2346 3831 poenitentiam
2401 3748 2745 3829 injungite.

615 3865 851 3929 Tribus
879 3865 1279 3947 temporibus
1300 3865 1370 3928 in
1399 3883 1596 3944 anno,
1618 3866 1682 3929 id
1707 3867 1825 3944 est,
1849 3865 2185 3930 Nativitate
2213 3862 2499 3941 Domini,
2524 3860 2751 3926 Pascha

617 3982 681 4046 et
707 3982 1090 4057 Pentecoste,
1117 3998 1345 4044 omnes
1373 3980 1596 4046 fideles
1632 3980 1932 4045 accedere
1957 3979 2038 4044 ad
2065 3978 2605 4045 communionem
2625 3993 2750 4040 cor-

618 4095 793 4176 poris
831 4097 1085 4161 Domini
1125 4096 1330 4161 nostri
1370 4100 1523 4161 Jesu
1562 4095 1795 4161 Christi
1839 4096 2208 4173 admonete,
2251 4095 2317 4158 et
2351 4111 2434 4157 ne
2480 4090 2744 4165 omittat,

620 4211 783 4293 quin
813 4213 1037 4275 saltem
1072 4212 1143 4275 in
1184 4212 1422 4276 Pascha
1445 4211 1904 4275 communicet.
1939 4211 2140 4275 Certis
2172 4209 2577 4290 temporibus
2610 4224 2745 4270 con-

615 4327 874 4409 jugatos
902 4326 1225 4391 abstinere
1254 4328 1336 4390 ab
1365 4326 1674 4390 uxoribus
1699 4325 2155 4390 exhortamini.
2202 4325 2431 4388 Nullus
2465 4325 2739 4388 vestrum

619 4442 865 4522 rubeiS,
898 4444 1013 4506 aut
1038 4442 1380 4522 viridibuS,
1418 4442 1521 4506 vel
1565 4441 1899 4506 laicalibus
1945 4441 2233 4506 vestibus
2279 4440 2523 4502 utatur.
2574 4438 2734 4501 Diem

623 4557 1056 4637 dominicam,
1101 4559 1167 4621 et
1204 4558 1461 4623 caeteras
1493 4557 1864 4622 festivitates
1907 4558 2148 4640 absque
2195 4573 2387 4636 opere
2417 4551 2656 4628 servili,
2697 4563 2732 4609 a
