3038 5623
601 776 743 845 404
1281 773 1703 852 QUAkaME
1755 794 2036 840 marm.

674 938 870 1002 Outre
901 937 964 1001 la
999 936 1187 1001 lettre
1238 935 1617 1000 d'indiction
1660 936 1725 999 et
1765 934 1944 998 l’edit
1987 935 2025 1000 a
2066 934 2334 999 affieher
2370 952 2496 998 aux
2522 934 2738 1016 μοι-ἰῶ

593 1052 706 1118 des
730 1051 1150 1130 cathedrales,
1184 1051 1354 1115 saint
1380 1050 1639 1115 charles
1673 1050 2021 1116 Borromee
2048 1051 2409 1115 avertissait
2442 1068 2561 1132 par
2599 1067 2736 1114 une

588 1168 774 1233 lettre
803 1166 1073 1249 speciale
1094 1169 1243 1231 tous
1270 1185 1367 1232 ses
1392 1168 1783 1250 suffraganis
1805 1166 2208 1232 d’emmener
2233 1185 2390 1232 avec
2416 1185 2539 1231 eux
2563 1165 2738 1231 deux

600 1282 868 1366 deputes
895 1282 983 1346 du
1013 1282 1325 1365 chapitre,
1350 1282 1519 1347 deux
1549 1282 1968 1367 theologienS‚
2005 1284 2071 1348 et
2098 1282 2265 1349 deux
2290 1285 2507 1348 autres
2530 1283 2734 1347 ecele-

593 1399 933 1482 siastiques
984 1417 1248 1481 propres
1290 1398 1328 1463 a
1373 1399 1646 1481 remplir
1690 1400 1752 1463 la
1799 1399 2036 1481 charge
2090 1399 2169 1463 de
2214 1399 2491 1463 temoins
2543 1417 2736 1482 syno-

590 1515 785 1580 daux.
842 1538 874 1576 α
917 1520 1037 1579 Pro
1086 1515 1218 1579 mei
1284 1515 1581 1579 muneris
1635 1515 1845 1579 officio
1904 1514 2404 1597 amplitudinem
2449 1516 2735 1580 vestram

592 1630 839 1695 hortari
863 1630 1069 1710 volui,
1093 1630 1384 1712 primum
1409 1630 1677 1714 quidem
1705 1633 1780 1694 ut
1806 1631 1967 1696 duos
1993 1649 2068 1695 ex
2095 1632 2379 1713 capitulo
2404 1633 2467 1697 et
2504 1630 2737 1696 doetri-

593 1765 681 1811 na
708 1748 775 1811 et
801 1746 1114 1830 probitate
1152 1748 1525 1829 praestantes
1567 1748 1680 1831 qui
1729 1747 1959 1830 synodi
2000 1748 2379 1813 tractatibus
2424 1747 2737 1811 interesse

593 1863 861 1946 possint,
887 1863 1171 1929 maxime
1199 1882 1393 1946 super
1416 1863 1550 1928 illis
1573 1881 1717 1947 quae
1737 1863 1954 1946 ipsum
1979 1863 2342 1946 capitulum
2364 1862 2738 1944 contingere

594 1977 1097 2061 dignoscuntur3
1133 1978 1295 2044 duos
1335 1978 1538 2043 etiam
1581 1998 1658 2043 ex
1699 1979 1987 2044 universi
2024 1979 2179 2045 cleri
2207 1997 2471 2062 corpore
2515 1997 2735 2043 secum

593 2094 675 2158 ad
700 2094 1022 2177 synodum
1051 2094 1238 2159 ducat
1270 2094 1383 2178 qui
1412 2113 1638 2159 rerum
1673 2096 2070 2178 experientia
2099 2114 2174 2161 ae
2205 2096 2502 2161 doctrina
2540 2113 2734 2177 syno-

592 2209 677 2274 do
706 2210 1002 2293 prodesse
1025 2212 1293 2294 possint.
1318 2210 1563 2276 Deinde
1589 2230 1745 2277 vero
1766 2213 1843 2276 ut
1869 2211 2030 2276 alios
2053 2211 2293 2278 duos...
2325 2211 2739 2295 synodalium

592 2325 862 2391 testium
888 2344 1136 2392 munus
1169 2325 1652 2408 adimpleturos,
1686 2349 1719 2389 1>
