3038 5623
656 869 1091 931 opriRA‘rmus
1151 885 1250 931 nn
1306 884 1604 951 conclus
1644 887 1886 953 PROV„
1931 887 2084 933 E‘rc.
2293 863 2434 935 439

306 1046 340 1086 >³
372 1025 862 1091 Mediolanensis
883 1026 1109 1109 synodi
1135 1027 1396 1090 initium
1425 1027 1567 1091 fieri
1590 1029 1655 1092 et
1679 1030 1819 1109 jam
1838 1029 2080 1092 factum
2101 1045 2256 1092 esse.
2286 1053 2313 1087 »
2352 1032 2436 1092 Le

307 1139 645 1203 secretaire
676 1141 786 1224 qui
811 1141 965 1205 31311
990 1160 1076 1205 en
1102 1141 1319 1206 chaire
1348 1142 1491 1205 vint
1511 1141 1786 1223 prendre
1814 1142 1925 1206 des
1953 1143 2166 1207 mains
2193 1143 2282 1207 du
2305 1145 2437 1210 Me·

308 1254 673 1335 tropolitain
701 1257 759 1319 le
784 1255 998 1320 decret
1015 1256 1087 1319 de
1106 1258 1369 1321 Ratione
1393 1249 1649 1320 vivendi*
1662 1259 1730 1319 in
1753 1258 2012 1338 synodO,
2031 1260 2095 1323 et
2117 1277 2200 1323 en
2224 1258 2442 1323 donna

308 1370 570 1434 lecture.
626 1372 819 1435 Outre
863 1370 1077 1435 divers
1105 1372 1317 1452 points
1355 1373 1595 1436 relatifs
1638 1372 1674 1436 a
1719 1374 1782 1437 13
1826 1373 2113 1437 maniere
2149 1373 2226 1438 de
2263 1375 2442 1440 vivre

309 1484 591 1565 pendant
629 1486 690 1550 le
734 1486 1002 1564 concile,
1044 1488 1203 1551 cette
1240 1488 1521 1552 formule
1568 1489 1894 1552 renferme
1944 1490 2005 1552 13
2057 1489 2311 1554 defense
2363 1490 2442 1554 de

309 1600 548 1682 quitter
567 1602 627 1665 le
650 1603 891 1666 concile
920 1604 1113 1666 avant
1134 1620 1203 1666 sa
1226 1602 1495 1677 cletum,
1523 1604 1587 1666 et
1614 1605 1677 1668 la
1700 1604 1913 1669 clause
1939 1609 2025 1669 De
2047 1624 2174 1669 non
2190 1606 2439 1688 praeju-

311 1714 573 1779 dicando
601 1736 761 1798 pour
789 1736 946 1781 ceux
978 1717 1089 1799 qui
1120 1717 1511 1782 eleveraient
1554 1717 1664 1782 des
1700 1719 1972 1800 plaintes
1997 1720 2444 1785 relativement

312 1829 351 1893 a
375 1832 438 1894 la
464 1831 825 1912 preseance.
854 1834 902 1897 11
926 1834 1025 1896 fut
1048 1833 1163 1895 fait
1192 1850 1356 1913 pour
1378 1850 1448 1897 ce
1478 1832 1693 1898 decret
1720 1852 1973 1899 comme
2002 1853 2164 1916 pour
2198 1837 2256 1899 le
2290 1835 2440 1917 pre-

311 1944 557 2010 cedent.
588 1951 685 2010 On
714 1948 812 2011 lut
832 1947 898 2011 et
920 1966 1003 2011 on
1032 1948 1254 2029 publia
1278 1948 1527 2011 ensuite
1564 1946 1659 2011 les
1687 1947 1934 2012 decrets
1964 1949 2051 2012 du
2078 1951 2322 2015 concile
2363 1951 2443 2017 de

312 2063 564 2140 Tremo,
594 2081 666 2127 ce
686 2062 798 2145 qui
818 2063 892 2125 fit
910 2062 1106 2126 durer
1126 2064 1189 2126 13
1208 2062 1526 2145 premiere
1548 2064 1792 2127 session
1816 2064 2101 2144 pendant
2121 2067 2443 2147 plusieurs

309 2177 588 2242 seances.
614 2180 746 2242 Elle
770 2197 837 2242 se
867 2179 1148 2242 termina
1176 2179 1341 2242 ainsi
1378 2198 1394 2242 ε
1422 2180 1483 2243 13
1503 2178 1973 2260 Metropolitain
1994 2183 2189 2262 ayant
2214 2181 2443 2264 depose

309 2293 371 2385 la
402 2294 617 2372 mitre,
644 2295 707 2358 et
732 2293 768 2357 a
791 2312 1045 2373 genoux
1077 2293 1317 2357 devant
1342 2292 1586 2372 l'autel‚
1611 2294 1705 2357 dit
1730 2293 1763 2357 a
1793 2293 1989 2359 haute
2012 2296 2157 2360 voix
2183 2314 2200 2359 z

397 2430 428 2468 «
455 2413 592 2489 Ego
618 2410 879 2473 Carolus
910 2408 1257 2473 cardinalis
1305 2414 1733 2483 BorromaeuS‚
1785 2409 2296 2493 archiepiscopus
2325 2416 2448 2478 Me·

306 2544 342 2583 »
377 2522 792 2602 diolanensis‚
817 2509 902 2588 33
941 2524 1162 2587 omnia
1198 2526 1263 2589 et
1293 2524 1552 2606 singula
1579 2542 1720 2607 quae
1761 2542 1798 2588 a
1836 2528 2232 2590 sacrosancta
2260 2544 2441 2591 oecu—

308 2662 338 2697 »
376 2639 629 2703 menica
674 2641 739 2704 et
780 2640 1067 2721 generali
1106 2639 1484 2704 Tridentina
1530 2639 1773 2721 synodo
1809 2641 2068 2705 definita
2108 2644 2172 2707 et
2207 2645 2441 2707 statuta

307 2777 341 2816 n
370 2755 523 2820 sunt
563 2754 830 2837 recipio,
859 2773 1112 2821 necnon
1147 2774 1372 2821 veram
1405 2755 1837 2821 obedientiam
1867 2774 2127 2821 summo
2153 2761 2440 2825 Romano

306 2893 340 2933 ιι
372 2871 661 2936 Pontifici
693 2873 973 2954 spondeo
997 2873 1062 2936 31
1092 2873 1419 2954 profiteor,
1459 2872 1863 2955 haeresesque
1891 2890 2120 2938 omnes
2161 2892 2198 2938 a
2246 2876 2441 2941 sacris

304 3013 335 3047 »
370 2989 727 3053 canonibus
750 2991 814 3053 et
840 2988 1247 3070 generalibus
1280 2988 1568 3052 conciliis
1590 2989 2078 3070 praesertimque
2103 2989 2182 3052 ab
2211 2990 2438 3054 eadem

305 3124 338 3163 s
368 3105 616 3186 synodo
642 3104 978 3168 damnatas
996 3104 1271 3168 detestor
1292 3106 1356 3168 31
1379 3103 1871 3177 anathematizo,
1886 3104 2069 3183 juxta
2086 3103 2437 3168 formulam

308 3240 340 3278 n
365 3220 796 3301 praescriptam
816 3238 852 3283 a
880 3220 1281 3284 sanctissimo
1317 3222 1387 3282 D.
1422 3223 1502 3283 N.
1531 3218 1640 3282 Pio
1667 3222 1771 3295 IV,
1796 3218 2096 3283 Pontifice
2123 3204 2432 3298 maximo,

309 3335 440 3398 »in
492 3336 672 3399 bulla
723 3328 1132 3417 professionis
1180 3333 1330 3398 fidei
1386 3351 1533 3415 quae
1584 3333 1901 3414 ejusmodi
1955 3334 2050 3397 est
2112 3353 2129 3397 z
2174 3339 2305 3415 Ego
2353 3339 2429 3399 N.

307 3470 342 3510 a
375 3449 564 3512 firma
587 3450 738 3528 fide,
758 3453 877 3515 etc.
904 3485 985 3499 -
1010 3455 1140 3531 Ego
1161 3449 1335 3513 ‘idem
1355 3454 1429 3513 N.
1462 3448 1767 3529 spondeo,
1794 3467 1995 3513 voveo
2023 3467 2097 3513 ac
2113 3451 2263 3531 juro
2298 3475 2313 3513 ε
2346 3452 2436 3517 sic

302 3584 338 3623 »
374 3580 481 3627 me
508 3568 673 3628 Deus
700 3565 959 3646 adjuvet
981 3567 1046 3629 et
1068 3565 1204 3629 haec
1225 3566 1444 3628 sancta
1473 3564 1578 3628 Dei
1606 3563 1963 3645 evangelia.
1995 3585 2032 3623 »

383 3684 478 3743 En
506 3683 908 3760 prononcant
941 3698 1046 3745 ces
1089 3679 1419 3744 dernieres
1457 3680 1706 3760 paroles
1751 3679 1831 3744 de
1868 3680 1930 3742 la
1961 3678 2311 3761 profession
2355 3680 2433 3745 de

300 3796 387 3860 foi
412 3796 491 3860 de
526 3796 633 3860 Pie
674 3800 778 3874 tv,
821 3796 991 3859 saint
1038 3795 1300 3860 charles
1342 3796 1685 3860 Boi-romae
1731 3795 1971 3859 toucha
2019 3797 2079 3859 13
2121 3796 2284 3859 livre
2324 3795 2435 3860 des

296 3912 637 3993 Evangiles
666 3929 819 3976 avec
845 3912 938 3974 les
967 3909 1140 3975 deux
1166 3911 1382 3974 mains
1405 3912 1472 3974 et
1510 3911 1573 3974 le
1599 3911 1798 3974 baisa.
1845 3910 1896 3974 ll
1936 3910 2142 3974 s’assit
2180 3911 2433 3976 ensuite

299 4045 437 4089 cum
458 4027 652 4090 mitra
672 4027 963 4107 pretiosa.
1004 4031 1118 4090 Les
1159 4025 1326 4090 deux
1370 4024 1736 4089 Cardinaux
1769 4024 2037 4088 vinrent
2067 4025 2204 4087 l'un
2248 4025 2431 4107 apres

296 4142 524 4206 l’autre
551 4160 621 4207 se
640 4143 873 4206 mettre
901 4142 937 4206 a
966 4159 1220 4223 genoux
1247 4140 1485 4205 devant
1509 4141 1604 4204 lui
1627 4139 1811 4222 apr'ae
1839 4143 2017 4204 avoir
2039 4139 2268 4222 depose
2286 4141 2431 4206 leur

296 4257 513 4335 mitre,
556 4259 619 4320 et
663 4256 1134 4338 prononcerent
1172 4274 1254 4320 en
1282 4255 1490 4320 entier
1515 4255 1579 4319 la
1607 4256 1823 4319 meme
1845 4255 2151 4319 formule.
2181 4260 2299 4320 Les
2319 4274 2433 4320 au—

295 4373 423 4435 tres
451 4364 765 4454 EvequeS,
792 4388 873 4435 au
905 4372 1039 4436 lieu
1066 4370 1144 4435 de
1171 4371 1607 4452 prononcerla
1627 4369 1932 4448 formule,
1958 4369 2023 4432 13
2036 4370 2333 4451 jul-erent
2347 4389 2427 4435 en

286 4487 672 4570 l'indiquant
711 4505 834 4568 par
862 4504 966 4551 ces
989 4487 1162 4550 mots
1202 4504 1219 4549 ι
1264 4486 1509 4551 «Juxta
1551 4486 1901 4548 formulam
1942 4502 1980 4546 a
2019 4472 2427 4548 sanctissimo

290 4624 326 4663 »
356 4609 432 4668 D.
459 4608 536 4668 N.
566 4602 678 4667 Pio
703 4607 863 4667 lv...
891 4621 1098 4685 quam
1128 4619 1306 4666 nunc
1340 4601 1502 4682 legit
1526 4598 2000 4665 illustrissimus
2028 4600 2089 4664 31
2118 4617 2421 4664 reveren-
