3038 5623
1038 716 1180 786 562
1727 715 2134 792 chmizME
2195 735 2477 783 PAnTnz.

1034 878 1345 956 minaris3
1380 877 1459 940 da
1486 877 1802 957 Spiritum
1836 875 2168 958 sapientiae
2194 879 2345 954 tuae,
2381 877 2619 959 quibus
2647 878 2872 942 dedisti
2905 879 3034 960 regi

1035 993 1391 1075 discipliuae
1440 1012 1455 1054 t
1490 995 1566 1055 ut
1612 991 1691 1054 de
1733 992 2016 1073 profectu
2061 995 2438 1055 sanctarum
2479 993 2705 1057 ovium
2753 994 2915 1058 fiant
2957 1013 3038 1076 ga⁴

1038 1111 1279 1173 aeterna
1325 1109 1695 1188 pastorum3
1748 1111 1866 1171 Per
1917 1107 2348 1170 Dominum...
2408 1108 2477 1170 in
2523 1109 2771 1173 unitate
2815 1109 3038 1190 ejusde?

1033 1227 1100 1304 η).
1132 1226 1365 1286 Amen.

1114 1439 1263 1499 Post
1307 1436 1434 1498 hoec
1460 1435 1789 1517 Pontifex,
1834 1443 2088 1514 accepta
2123 1436 2343 1512 mitra,
2376 1435 2648 1498 ascendit
2686 1435 2774 1497 ad
2798 1436 3038 1515 planum

1035 1551 1215 1620 laris,
1250 1551 1460 1614 sedens
1483 1553 1550 1612 in
1573 1552 1707 1613 sede
1737 1569 1843 1613 seu
1866 1551 2224 1632 faldistorio
2249 1550 2470 1613 ibidem
2493 1551 2610 1614 sibi
2619 1558 2878 1631 parato.
2910 1554 3038 1614 Tun

1034 1665 1185 1728 cedit
1203 1665 1500 1727 diaconus
1516 1684 1660 1728 cum
1691 1665 2130 1748 thuriferario,
2159 1672 2215 1727 et
2249 1665 2536 1746 Pontifex
2560 1667 2824 1746 imponit
2849 1667 3038 1730 ine-em

1038 1779 1257 1843 deinde
1308 1779 1604 1842 benedicit
1636 1781 1931 1857 diacono,
1964 1781 2074 1861 qui
2099 1780 2429 1860 procedens
2484 1780 2568 1843 ad
2607 1781 2808 1843 loc-um
2835 1798 3038 1843 consu«

1036 1895 1260 1975 εἰρηαι,
1310 1896 1589 1957 incensat
1623 1903 1676 1957 et
1704 1903 1916 1958 cantat
1945 1896 2366 1975 eoanqelium,
2411 1902 2484 1958 ut
2525 1896 2692 1972 heri,
2736 1897 3026 1977 Pontifice

1036 2009 1235 2073 sedem
1280 2012 1653 2089 primif-tam
1708 2010 1833 2072 siue
1887 2011 2078 2073 mitra
2123 2027 2296 2073 verso
2346 2009 2430 2073 ad
2460 2011 2799 2073 diaconum
2829 2018 3038 2073 stante.

1178 2221 1524 2304 Sequentia
1567 2220 1898 2302 Evangelii
1930 2226 1974 2298 -ι-
2004 2220 2366 2284 secundum
2397 2220 2769 2285 Matthaeum
2802 2222 2879 2299 (c.
2920 2221 3038 2302 18).

1114 2401 1187 2462 In
1230 2398 1340 2461 illo
1387 2401 1677 2478 tempore
1708 2415 1724 2458 ε
1759 2397 1925 2460 Dixit
1966 2401 2150 2461 Jesus
2178 2397 2506 2479 discipulis
2535 2397 2708 2461 suis:
2742 2396 2805 2461 Si
2835 2415 3038 2478 pecca*

1033 2512 1104 2576 in
1133 2516 1193 2576 ie
1216 2514 1417 2575 frater
1440 2516 1618 2588 tuus,
1663 2512 1850 2589 vade,
1894 2515 1958 2575 et
1985 2513 2235 2594 corripe
2281 2530 2435 2576 eum
2478 2513 2649 2576 inter
2671 2514 2732 2576 ie
2755 2513 2819 2574 et
2843 2511 3038 2592 ipsun

1031 2628 1198 2690 lum.
1231 2628 1290 2690 Si
1324 2631 1381 2689 te
1413 2629 1711 2703 audierit,
1746 2627 2031 2690 lucratus
2054 2628 2181 2691 eris
2208 2627 2477 2690 fratrem
2522 2629 2739 2690 tuum.
2785 2628 2848 2690 Si
2873 2629 3038 2690 autel

1033 2760 1167 2806 non
1197 2743 1494 2817 audierit,
1519 2743 1754 2805 adhibe
1785 2747 1996 2805 tecum
2022 2742 2233 2806 adhue
2268 2761 2504 2821 unum,
2536 2745 2637 2806 vel
2660 2742 2843 2821 dum,
2875 2743 2948 2804 ut
2977 2741 3038 2805 in

1030 2857 1309 2923 duorum
1348 2860 1450 2922 vel
1495 2862 1694 2921 trium
1750 2859 2007 2921 testium
2053 2860 2174 2922 stet
2199 2877 2393 2922 omne
2422 2860 2720 2922 verbum.
2757 2857 2936 2935 Quod
2967 2858 3018 2920 si

1032 2974 1311 3038 audierit
1340 2993 1471 3050 coS,
1508 2975 1610 3036 uic
1636 2974 1948 3037 Ecclesiae.
1985 2974 2045 3038 Si
2077 2976 2297 3037 autem
2323 2974 2669 3038 Ecclesiam
2708 2992 2844 3037 non
2881 2973 3033 3037 audi

1029 3089 1111 3152 sit
1139 3090 1251 3152 tibi
1292 3090 1455 3151 sicut
1481 3088 1779 3150 ethnicus
1817 3090 1881 3151 et
1909 3089 2313 3169 publicanus.
2363 3092 2575 3153 Amen
2604 3088 2743 3151 dico
2766 3088 2968 3158 vobis,
3006 3106 3038 3169 q

1026 3221 1307 3285 cumque
1354 3204 1774 3283 alligaveritis
1804 3221 1998 3284 super
2030 3207 2273 3267 terram
2298 3252 2318 3283 ,
2345 3206 2542 3268 erunt
2568 3204 2765 3286 ligata
2799 3205 2863 3267 et
2887 3204 2961 3265 in
2985 3221 3038 3266 c(

1027 3319 1092 3382 et
1114 3336 1543 3400 quaecumque
1594 3318 1907 3387 solveritis
1952 3336 2144 3399 supet·
2195 3322 2471 3396 terram,
2502 3321 2697 3383 erunt
2748 3319 2956 3382 soluta
2997 3336 3035 3382 e

1024 3434 1205 3495 coelo.
1256 3437 1467 3494 lici-un
1547 3433 1688 3495 ihc«)
1733 3434 1948 3511 vobiS,
1994 3434 2144 3514 quia
2176 3435 2229 3497 si
2259 3434 2387 3497 duo
2415 3453 2492 3497 ex
2519 3435 2698 3497 vobis
2733 3452 3038 3498 consense

1025 3564 1219 3627 super
1253 3552 1517 3616 terram,
1553 3547 1625 3609 -jc
1655 3548 1836 3610 omni
1867 3568 1936 3611 re
1969 3567 2448 3631 quamcumque
2479 3550 2805 3630 petierint,
2837 3549 2951 3613 fiet
2985 3549 3038 3611 il

1022 3664 1205 3725 Patre
1239 3681 1382 3725 meo
1405 3712 1419 3737 ,
1452 3664 1561 3743 qui
1593 3664 1657 3724 in
1687 3664 1861 3726 coelis
1886 3668 2002 3727 est.
2034 3664 2156 3727 Ubi
2186 3664 2364 3727 enim
2396 3666 2547 3727 sunt
2584 3664 2715 3727 duo
2738 3665 2841 3728 vel
2873 3665 3008 3728 tres

1021 3779 1266 3858 gregati
1296 3780 1359 3840 iu
1386 3779 1646 3841 nomine
1677 3796 1846 3856 mee,
1879 3779 1966 3842 ibi
2000 3797 2148 3841 sum
2178 3778 2244 3841 in
2279 3778 2495 3842 medio
2523 3784 2979 3843 eorum.Tunc
3006 3796 3038 3841 a

1022 3890 1181 3955 dens
1213 3897 1458 3967 Petrus,
1488 3893 1568 3955 ad
1611 3912 1764 3955 eum
1795 3892 1996 3956 dixit:
2032 3894 2320 3972 Domine,
2358 3894 2610 3975 quoties
2654 3894 2943 3974 peccabit
2972 3894 3038 3956 in

1020 4005 1218 4069 frater
1251 4027 1456 4083 meus,
1488 4013 1552 4069 ct
1584 4008 1906 4070 dimittam
1942 4008 2038 4071 ei‘?
2070 4027 2274 4091 usque
2325 4008 2603 4090 septies?
2634 4008 2798 4071 Dicit
2827 4008 2925 4070 illi
2945 4012 3038 4072 Jes

1019 4124 1162 4185 Non
1191 4121 1331 4185 dico
1363 4125 1473 4184 tibi
1513 4143 1722 4204 usque
1753 4124 2020 4204 septies3
2066 4124 2175 4187 sed
2217 4143 2422 4206 usquc
2458 4122 2820 4204 septuagies
2851 4122 3038 4203 septie

1106 4335 1243 4412 Quo
1269 4333 1443 4413 finito
1474 4346 1525 4394 et
1570 4351 1683 4413 per
1716 4335 2071 4416 Pontificem
2113 4335 2269 4398 libro
2317 4336 2622 4410 osculato,
2656 4334 2791 4413 ipso
2832 4334 3038 4396 incenis¹

1017 4449 1319 4529 Pontifex
1337 4467 1465 4509 sinc
1491 4452 1682 4511 mitra
1709 4459 1850 4512 arete
1873 4450 2071 4513 sedem
2083 4451 2454 4531 proedictam
2477 4467 2690 4513 versus
2714 4448 2799 4513 ad
2825 4450 3038 4523 altare,
