3038 5623
681 802 832 874 322
1396 808 1783 874 Tnmsfimss
1830 825 2113 873 PARTIB-

684 969 870 1031 ment
900 968 999 1032 fut
1038 967 1269 1047 revise,
1322 967 1504 1032 selon
1553 967 1651 1032 les
1683 985 1931 1032 canons
1969 967 2054 1032 de
2087 965 2421 1049 Seruique.
2461 963 2689 1043 (Wolf,
2737 962 2797 1026 de

678 1087 866 1148 Rom.
908 1102 1090 1165 app„
1120 1102 1180 1148 c.
1231 1087 1356 1163 19.)

764 1203 927 1263 Sous
955 1200 1202 1263 Nicolas
1226 1205 1315 1278 P,
1345 1217 1508 1281 pape
1537 1217 1618 1264 en
1651 1205 1796 1277 888,
1815 1199 2053 1262 curent
2082 1198 2211 1262 lieu
2261 1198 2352 1262 les
2379 1196 2663 1262 celebres
2697 1213 2790 1278 ap-

680 1316 817 1398 pels
838 1334 923 1379 au
952 1318 1124 1397 sujet
1144 1316 1441 1399 desquels
1482 1316 1820 1392 Hincmar,
1849 1315 2255 1397 archeveque
2291 1314 2374 1378 dc
2401 1315 2637 1388 ReimS,
2681 1330 2795 1376 cn-

681 1431 784 1494 tra
808 1448 893 1493 en
920 1431 1339 1495 contestation
1386 1448 1540 1495 avec
1566 1431 1628 1494 16
1669 1429 2094 1512 saint-siege.
2121 1429 2180 1493 n
2221 1430 2371 1493 finit
2404 1446 2520 1510 par
2545 1447 2615 1492 se
2651 1445 2793 1492 sou-

676 1546 932 1610 mettre.

758 1662 942 1724 Saint
986 1665 1146 1739 IveS‚
1190 1659 1438 1743 eveque
1462 1659 1541 1724 de
1567 1660 1867 1723 Char-tres
1893 1676 1978 1723 en
2025 1665 2205 1736 1092,
2235 1659 2415 1739 parle
2456 1657 2621 1721 ainsi
2653 1656 2793 1720 d’un

680 1774 760 1839 de
784 1793 886 1839 ses
933 1775 1179 1857 preti-es
1202 1776 1323 1858 qui
1364 1794 1448 1840 en
1480 1775 1655 1839 avait
1697 1773 1919 1856 appete
1961 1773 2043 1838 de
2087 1774 2152 1837 la
2197 1775 2495 1837 sentence
2549 1772 2780 1854 episco-

679 1891 823 1972 pale
850 1909 934 1954 au
979 1908 1141 1971 pape
1169 1890 1412 1955 Urbain
1441 1894 1516 1954 11.
1557 1914 1589 1951 α
1618 1895 1751 1955 Hoc
1793 1890 1940 1954 ideo
1979 1906 2258 1970 suggero
2298 1889 2621 1952 sanctitati
2673 1904 2794 1951 ves-
2861 1868 2864 1871 “

678 2009 820 2084 trae,
866 2009 1023 2088 quia
1072 2006 1343 2088 quidam
1397 2006 1671 2070 clericus
1718 2007 1955 2070 nostrae
2007 2004 2212 2082 urbis,
2260 2005 2439 2069 falsis
2475 2002 2798 2066 delationi-

677 2122 800 2186 bus
835 2139 1024 2186 aures
1069 2123 1300 2185 vestrae
1344 2121 1596 2202 pietatis
1640 2122 1780 2203 jam
1809 2121 2092 2186 secundo
2125 2121 2446 2203 pulsavit,
2485 2119 2703 2182 dicens
2741 2134 2799 2180 se

682 2255 794 2317 per
820 2238 1222 2318 conjecturas
1271 2237 1668 2314 accusatum,
1718 2236 1782 2300 et
1823 2236 1903 2300 (16
1929 2237 2065 2299 sola
2099 2235 2462 2316 suspicione
2506 2232 2802 2314 proscrip-

678 2354 845 2415 tum.
905 2350 1023 2414 Sed
1068 2369 1263 2415 causa
1293 2352 1404 2414 illa
1456 2354 1717 2432 propter
1765 2369 1966 2433 quam
2008 2350 2089 2414 de
2123 2351 2293 2414 clero
2331 2348 2664 2429 separatus
2685 2347 2789 2423 est,

677 2468 814 2529 tam
866 2467 1224 2531 manifestis
1268 2466 1525 2530 indiciis
1552 2469 1649 2531 est
1693 2468 1997 2545 revelata,
2029 2468 2166 2530 tam
2207 2468 2379 2529 certa
2409 2464 2796 2529 accusatione

678 2582 1020 2662 publicata,
1071 2584 1207 2645 tam
1252 2581 1531 2645 evidenti
1565 2582 1746 2645 exitu
1789 2582 2230 2662 comprobata,
2260 2580 2337 2643 ut
2381 2578 2634 2642 nemini
2683 2593 2799 2639 non

678 2697 936 2759 tantum
1008 2697 1255 2760 civium
1277 2745 1298 2775 ,
1372 2696 1484 2761 sed
1547 2696 1744 2760 etiam
1805 2694 2453 2776 comprovincialium
2522 2691 2788 2754 dubium

677 2813 795 2890 sit,
851 2813 1016 2894 quin
1063 2811 1130 2875 in
1196 2811 1391 2875 domo
1437 2831 1557 2875 sua
1600 2813 1832 2875 falsam
1888 2811 2220 2874 monetam
2284 2807 2586 2873 fabricari
2632 2807 2796 2870 ‘fecc-

676 2926 761 2989 rit
770 2972 893 2990 .....
938 2931 1071 2990 Hoc
1110 2927 1451 3008 publicum
1497 2927 1751 2991 facinus
1808 2927 1872 2990 et
1911 2924 2213 3008 quaedam
2276 2926 2417 3004 ejus
2471 2919 2792 2985 horrenda

678 3042 945 3124 flagitia,
991 3046 1116 3106 Deo
1144 3043 1422 3121 volente,
1453 3060 1608 3105 vera
1634 3059 1771 3105 esse
1793 3040 2078 3122 probabo
2105 3058 2222 3103 suo
2249 3040 2541 3119 tempore
2563 3038 2634 3100 in
2663 3051 2794 3099 ves·

674 3161 781 3221 tra
820 3159 1232 3238 praesentia...
1264 3163 1505 3222 Tamen
1549 3157 1810 3238 propter
1859 3156 2295 3219 reverentiam
2339 3156 2569 3218 vestrae
2595 3153 2791 3234 pater-

679 3273 901 3336 nitatis
929 3273 1008 3335 ad
1032 3291 1232 3355 quam
1252 3273 1659 3353 confugerat,
1702 3270 2001 3353 quamvis
2030 3269 2268 3345 dolose,
2319 3270 2586 3332 interim
2622 3261 2791 3329 volui

676 3388 737 3451 ei
770 3388 1013 3451 reditus
1042 3388 1242 3451 unius
1267 3387 1627 3469 praebcndae
1668 3386 2087 3468 integerrime
2121 3384 2302 3460 dare,
2335 3385 2401 3447 et
2427 3384 2645 3447 cibum
2673 3396 2778 3442 me

672 3519 833 3565 cum
884 3502 950 3564 in
980 3519 1228 3581 mensa,
1256 3502 1460 3567 donec
1508 3520 1766 3583 possem
1793 3500 1872 3565 (16
1904 3500 2027 3564 1106
2057 3499 2311 3581 negotio
2343 3499 2417 3562 in
2464 3494 2798 3578 praesentia

680 3617 896 3679 vestra
923 3635 1136 3698 agere,
1166 3618 1233 3680 et
1259 3618 1527 3683 consilio
1554 3620 1765 3681 vestro
1791 3634 1942 3699 quae
1981 3613 2378 3679 restituenda
2404 3611 2803 3684 viderentur,

680 3731 1185 3795 misericorditer
1223 3733 1587 3796 restituere.
1621 3753 1652 3791 12
1689 3730 1907 3812 (Epist.
1957 3738 2062 3809 25,
2120 3730 2379 3793 Urbano
2420 3732 2497 3805 Π,
2553 3728 2698 3789 tom.
2743 3727 2807 3797 2,

681 3864 830 3928 pag.
865 3853 968 3925 22,
990 3846 1234 3909 edition
1258 3846 1336 3910 de
1366 3848 1548 3912 Paris
1579 3848 1784 3924 1647.)

762 3962 945 4025 Saint
1005 3967 1140 4026 lves
1198 3962 1369 4025 avait
1415 3961 1559 4043 deja
1605 3962 1701 4025 dit
1745 3962 1909 4026 dans
1957 3979 2090 4025 une
2139 3959 2330 4024 iettre
2383 3952 2808 4038 precedente:

695 4099 726 4137 (ε
750 4077 816 4140 Si
841 4078 1093 4140 venerit
1138 4075 1219 4140 ad
1253 4094 1366 4139 vos
1417 4076 1690 4158 quidam
1735 4078 1997 4158 propter
2035 4074 2380 4138 infamiam
2427 4072 2508 4135 de
2550 4064 2813 4134 ecclesia

688 4193 908 4254 nostra
935 4193 1180 4272 pulsuS‚
1214 4209 1371 4273 rogo
1399 4210 1482 4255 ne
1514 4190 1594 4255 de
1633 4210 1709 4255 eo
1743 4192 2102 4273 quidquam
2144 4188 2488 4265 statuatur,
2525 4184 2723 4247 donec
2770 4194 2811 4240 6

690 4305 874 4368 vobis
898 4323 1089 4368 causa
1106 4307 1252 4385 ejus
1273 4306 1529 4387 plenius
1556 4306 1879 4370 audiatur.
1909 4328 1942 4365 »
1976 4305 2192 4386 (Epist.
2224 4310 2324 4381 12,
2354 4300 2539 4378 ibid„
2567 4299 2721 4360 tom.
2747 4298 2820 4368 2,

883 4427 943 4479 7.

693 4437 859 4598 1³³3
910 4421 1250 4600 ἐπι-61116
1296 4537 1516 4602 Pici-re
1559 4536 1638 4601 de
1680 4537 1883 4619 Gluny
1923 4536 2104 4618 parte
2131 4552 2218 4597 au
2251 4533 2409 4612 long
2459 4527 2537 4592 de
2588 4514 2828 4602 l'appel
