3038 5623
640 791 801 859 ,260
1351 791 1737 857 ‘rnoislimn
1789 810 2065 857 marm.

734 954 888 1017 L’an
919 960 1061 1032 863,
1093 951 1336 1018 Nicolas
1365 958 1433 1018 I“
1471 954 1789 1019 confirma
1817 952 1981 1018 ainsi
2010 953 2070 1017 lc
2097 950 2337 1018 concile
2366 949 2446 1015 de
2475 948 2737 1022 Soissons‚

652 1069 902 1134 celebre
931 1069 1035 1133 dix
1065 1085 1184 1133 ans
1216 1072 1655 1151 auparavant:

741 1185 955 1262 «Quia
1002 1184 1258 1249 dilectio
1309 1186 1422 1250 tua
1471 1186 1551 1265 (il
1600 1185 1759 1250 ecrit
1799 1184 1836 1250 a
1875 1185 2218 1266 Hincmar,
2262 1183 2646 1269 archeveque
2682 1182 2745 1250 de

648 1324 680 1362 »
711 1300 989 1383 Reims),
1029 1317 1302 1384 sequens
1341 1301 1636 1366 instituta
1673 1303 2034 1383 maiorum,
2074 1320 2151 1368 ea
2186 1320 2332 1387 quae
2370 1304 2624 1385 possunt
2654 1300 2747 1365 ali-

647 1440 679 1479 »
711 1436 913 1501 quam
948 1417 1228 1500 recipere
1257 1417 1719 1502 quaestionem,
1754 1416 1834 1481 ad
1865 1435 1985 1482 nos
2012 1419 2195 1500 quasi
2232 1418 2313 1483 ad
2341 1418 2532 1499 caput
2558 1418 2614 1482 et
2640 1416 2751 1498 api-

644 1556 680 1597 »
707 1553 851 1600 cem
897 1533 1296 1616 episcopatus
1348 1534 1587 1598 reterre
1640 1532 2080 1616 episcopaliter
2125 1532 2373 1598 studuit
2412 1533 2614 1616 (quod
2653 1551 2751 1597 nos

645 1673 676 1711 »
706 1651 982 1717 libenter
1012 1649 1394 1732 accepimus,
1418 1649 1572 1732 quia
1596 1649 1752 1714 hinc
1775 1649 2189 1715 dilectionem
2215 1651 2392 1714 tuam
2425 1666 2753 1714 memorem

644 1790 675 1829 ι)
707 1782 1034 1834 canonum
1064 1767 1620 1849 comprobamus),
1664 1766 1986 1850 synodum
2019 1767 2200 1832 illam
2230 1786 2375 1851 quoe
2414 1785 2451 1832 a
2480 1768 2543 1831 te
2579 1768 2637 1831 et
2660 1785 2756 1831 cae·

647 1907 679 1945 ι)
711 1885 869 1950 teris
896 1883 1382 1950 venerabilibus
1411 1881 1920 1965 Archiepiseopis
1949 1884 2141 1966 atque
2169 1883 2494 1966 Episcopis
2526 1884 2593 1947 in
2619 1883 2761 1947 urbe

643 2021 675 2060 n
706 2001 1128 2066 Suessionum
1158 2015 1333 2063 anno
1367 1997 1833 2063 incarnationis
1861 1998 2207 2063 dominicae
2237 2005 2351 2062 853
2388 1999 2600 2063 fuerat
2622 2000 2764 2064 cele·

641 2138 672 2176 n
704 2117 911 2194 brata,
937 2118 999 2181 et
1021 2134 1060 2180 a
1086 2116 1408 2180 decessore
1434 2116 1655 2178 nostro
1678 2115 1877 2179 beatae
1902 2114 2233 2180 memoriae
2256 2114 2597 2180 Benedicto
2623 2133 2766 2198 papa

641 2252 675 2294 n
703 2235 801 2297 est
835 2233 1255 2311 confirmata,
1303 2231 1467 2295 sicut
1505 2229 1680 2295 idem
1719 2233 1959 2296 sanctae
1999 2230 2461 2296 recordationis
2500 2230 2768 2296 Pontifex

641 2367 678 2409 n
706 2347 1143 2426 confirmavit,
1186 2346 1275 2412 ita
1313 2348 1377 2411 et
1410 2365 1529 2411 nos
1572 2346 1753 2412 illam
1792 2347 2240 2412 confirmatam
2280 2350 2344 2412 et
2380 2346 2773 2430 irrefragabi-

645 2486 681 2524 ι
707 2464 840 2529 lem
881 2463 1224 2547 apostolica
1265 2463 1642 2529 auctoritate
1685 2463 2128 2541 decernimuS‚
2184 2465 2360 2529 salvo
2401 2466 2621 2529 tamen
2656 2470 2768 2531 Ro-

646 2601 678 2641 »
709 2599 922 2645 manae
953 2581 1129 2645 Sedis
1165 2580 1234 2644 in
1265 2580 1575 2645 omnibus
1595 2583 1786 2663 jussu
1818 2583 2011 2665 atque
2036 2580 2350 2664 judicio.»
2394 2581 2773 2660 (Bullarium

646 2717 681 2756 >³
711 2699 924 2775 Rom„
958 2696 1096 2774 t.1‚
1129 2714 1191 2777 p.
1229 2699 1392 2774 194.)

725 2814 808 2873 Le
847 2808 1061 2875 meme
1099 2815 1262 2894 Pape
1301 2810 1457 2877 ecrit
1496 2813 1664 2879 ainsi
1707 2811 1743 2878 a
1782 2813 2172 2896 l’empereur
2202 2811 2469 2893 Michel‚
2504 2832 2590 2879 au
2622 2814 2778 2896 sujet

646 2924 737 2991 du
778 2926 1017 3009 synode
1051 2926 1129 2992 de
1161 2929 1708 3012 Constantinople‚
1750 2929 1865 3013 qui
1904 2931 2075 2994 avait
2102 2928 2334 3012 depose
2371 2930 2434 2994 le
2477 2931 2649 2994 saint
2679 2948 2780 3013 pa·-

645 3042 928 3107 triarche
956 3048 1182 3125 Ignace
1219 3060 1366 3108 sans
1399 3063 1482 3108 en
1511 3046 1694 3109 avoir
1720 3043 1930 3110 re'fere
1961 3064 2045 3109 au
2075 3044 2505 3127 Saint-Siege:

734 3181 765 3219 α
786 3162 839 3224 Α
877 3159 1111 3223 sanctis
1142 3157 1435 3224 Patribus
1466 3161 1532 3225 et
1561 3159 1986 3225 deliberatum
2031 3161 2095 3226 et
2128 3162 2545 3225 observatum
2584 3159 2784 3226 existit

644 3298 675 3336 n
707 3277 984 3359 qualiter
1019 3276 1258 3359 absque
1284 3281 1594 3342 Romanae
1631 3275 1808 3342 Sedis
1836 3277 2243 3361 Romanique
2278 3277 2606 3342 Pontificis
2640 3294 2783 3341 con-

646 3414 676 3452 »
709 3409 935 3471 sensu,
978 3393 1222 3457 nullius
1267 3393 1664 3476 insurgentis
1705 3394 2188 3459 deliberationis
2231 3394 2558 3459 terminus
2600 3394 2785 3458 dare-

647 3529 682 3566 >³
711 3508 842 3570 tur.
869 3531 898 3566 n
941 3508 1108 3587 (Chr.
1127 3508 1318 3587 Wolf,
1350 3508 1564 3572 dictat.
1599 3513 1660 3573 S.
1689 3513 1876 3593 Greg.
1896 3514 2024 3588 VII,
2062 3510 2346 3575 scholion
2380 3510 2461 3574 ad
2488 3528 2637 3575 can.
2666 3507 2788 3584 21.)

655 3625 855 3702 (Cette
880 3624 1066 3688 lettre
1094 3626 1189 3688 est
1209 3624 1443 3689 relatae
1473 3625 1644 3688 aussi
1666 3625 1830 3689 dans
1852 3626 1946 3689 les
1970 3626 2137 3689 actes
2161 3624 2249 3688 du
2276 3632 2335 3688 δ’
2357 3625 2606 3690 concile
2630 3640 2795 3689 oecu-

653 3739 988 3822 menique,
1021 3739 1140 3803 act.
1172 3740 1280 3821 4⁶.)

730 3854 884 3920 L’an
915 3862 1056 3935 860,
1079 3856 1171 3920 les
1190 3855 1478 3939 Eveques
1506 3855 1597 3920 du
1624 3856 1865 3922 concile
1885 3854 2479 3940 d’Aix·la-Chapelle
2508 3851 2801 3922 ecrivent

655 3987 737 4037 au
770 3989 931 4053 pape
960 3972 1204 4037 Nicolas
1234 3976 1344 4034 1⁸³:

743 4087 1167 4169 «Apostolicis
1207 4087 1617 4152 documentis
1660 4090 1725 4154 et
1758 4088 2230 4170 pontificalibus
2267 4088 2539 4155 decretis
2578 4083 2806 4153 multi-

656 4225 683 4259 υ
718 4201 969 4283 pliciter
1002 4202 1442 4267 informamur
1473 4208 1548 4268 ut
1576 4205 1770 4270 vestri
1804 4207 2187 4271 sanctissimi
2228 4209 2622 4289 apostolatus
2664 4201 2806 4285 api-

653 4340 684 4378 »
717 4336 884 4398 cem,
923 4318 1229 4401 principis
1259 4320 1711 4400 Apostolorum
1747 4320 1873 4386 fide
1915 4324 1979 4386 et
2013 4322 2277 4387 nomine
2318 4324 2808 4390 consecratum,

651 4457 680 4495 u
716 4435 965 4518 quoties
998 4436 1215 4500 sancta
1243 4435 1521 4501 Ecclesia
1555 4437 1773 4520 aliqua
1803 4437 2080 4503 novitate
2109 4438 2424 4521 pulsatur,
2459 4434 2815 4502 humiliter

652 4570 688 4612 »
717 4549 1099 4617 adeamus.»
1137 4550 1496 4632 (Sirmoud,
1529 4555 1575 4616 t.
1605 4557 1708 4632 111,
1740 4572 1804 4636 p.
1838 4557 1999 4634 158.)
