3038 5623
1362 763 1782 843 ρυΑτιιιὲΜΕ
1835 782 2116 829 PARTIR.

1031 926 1161 990 rant
1192 946 1209 989 ε
1235 924 1406 990 voil'a
1431 926 1593 989 tout.
1625 924 1785 989 Mais
1810 923 1869 987 le
1912 924 2256 1005 ingement
2306 922 2603 1002 definitis,
2648 922 2799 986 dans

1031 1060 1131 1118 aS,
1160 1040 1524 1123 dependant
1554 1039 1640 1103 du
1670 1038 1917 1103 Pontife
1945 1038 2230 1118 romain,
2274 1040 2321 1102 il
2350 1039 2446 1103 est
2495 1038 2657 1102 clair
2686 1056 2802 1119 que

1031 1157 1235 1234 ment,
1269 1155 1367 1219 s'il
1391 1173 1528 1219 aeu
1557 1155 1716 1233 lieu,
1756 1156 1851 1218 est
1893 1153 1974 1217 de
2003 1154 2182 1219 nulle
2211 1154 2630 1235 importante.
2658 1152 2803 1217 C'est

1031 1292 1070 1338 n
1101 1272 1186 1336 du
1214 1273 1443 1335 savant
1468 1271 1665 1335 Wolf.

1031 1408 1057 1451 a
1085 1387 1337 1464 relatio,
1360 1386 1555 1464 dit-il,
1584 1386 1777 1452 nabet
1795 1404 2023 1451 omnes
2053 1385 2494 1468 appellationis
2522 1386 2802 1463 effecum,

1047 1504 1237 1584 atque
1287 1501 1484 1566 etiam
1532 1501 1869 1582 suspendit
1922 1501 2249 1565 omnia....
2304 1504 2510 1577 Quare
2552 1501 2803 1564 sanctus

1038 1618 1336 1693 Nicolaus
1367 1616 1617 1697 primus
1646 1616 1809 1680 dum
1833 1616 2294 1697 Episcoporum
2320 1615 2803 1697 degradationes

1031 1733 1180 1811 >lius
1210 1732 1378 1813 post,
1395 1731 1506 1796 sed
1535 1731 1837 1811 deinceps
1861 1733 2009 1796 ante
2038 1731 2257 1795 datam
2284 1731 2675 1796 sententiam
2701 1748 2803 1793 vo-

1031 1847 1120 1911 rri
1152 1846 1233 1910 ad
1267 1865 1455 1911 suam
1476 1846 1705 1911 Sedem
1735 1864 1773 1910 a
1805 1845 2293 1927 provinciarum
2334 1844 2621 1927 synodiS‚
2663 1845 2805 1909 fecit

1056 1962 1311 2044 antiqui
1348 1962 1551 2026 moris
1586 1963 1648 2024 et
1679 1961 1944 2025 canonis
1985 1961 2441 2037 mutationem,
2480 1959 2592 2023 sed
2625 1958 2804 2023 valde

1031 2098 1059 2142 1
1083 2098 1100 2141 ε
1127 2096 1282 2141 nam
1307 2078 1500 2141 etiam
1523 2076 1838 2158 posterior
1861 2076 2084 2139 relatio
2110 2073 2535 2156 suspendebat
2558 2075 2805 2137 senten·

1035 2211 1165 2257 non
1193 2192 1318 2255 nisi
1344 2211 1458 2273 per
1480 2192 1780 2272 Papalem
1807 2191 2373 2254 confirmationem
2403 2190 2807 2271 permittebat

1050 2310 1120 2372 in
1151 2328 1291 2372 rem
1315 2307 1693 2389 judicatam.
1728 2308 1804 2369 Et
1825 2306 1981 2370 hinc
2006 2305 2302 2369 eruditus
2330 2307 2393 2369 et
2423 2307 2673 2369 astutus
2700 2311 2811 2370 Re-

1031 2445 1070 2489 η
1098 2425 1503 2505 metropolita
1530 2423 1920 2487 Hincmarus
1949 2421 2109 2485 dixit
2136 2420 2640 2503 provincialium
2671 2421 2807 2502 Epi-

1031 2560 1087 2604 m
1113 2540 1603 2622 degradationes
1629 2556 1762 2602 non
1793 2556 1931 2603 esse
1959 2554 2182 2601 causas
2212 2539 2515 2617 majores,
2548 2536 2808 2618 ideoque

1031 2655 1282 2719 rendaS.
1311 2656 1620 2720 Evincere
1646 2654 1735 2717 sic
1760 2653 2038 2735 speravit
2058 2652 2297 2717 Nicolai
2319 2651 2657 2718 decretum
2687 2668 2809 2715 esse

1049 2789 1327 2850 novum,
1367 2788 1441 2835 ac
1477 2769 1964 2852 provinciarum
1999 2768 2262 2852 synodis
2301 2768 2503 2833 nimis
2545 2766 2806 2849 injurio-

1031 2887 1262 2970 deoque
1318 2885 2008 2951 circumscribendum.
2059 2889 2299 2950 Verum
2350 2884 2706 2948 aedificabat
2747 2882 2807 2946 in

1031 3003 1490 3068 ’rovincialium
1510 3003 1692 3066 enim
1704 3003 2163 3084 Episcoporum
2182 2999 2556 3082 degradatio
2573 3013 2808 3080 semper

1031 3139 1074 3183 ιι·
1102 3120 1381 3201 majores
1409 3119 1701 3183 Ecclesiae
1731 3136 1979 3183 causas.
1999 3140 2029 3177 n
2068 3106 2170 3191 (T.
2194 3121 2271 3195 V,
2302 3135 2366 3198 p.
2402 3119 2567 3194 341.)
