3038 5623
691 835 771 904 51
787 836 832 904 0
1382 835 1805 913 Quamrimn
1855 855 2139 903 marm.

686 998 765 1064 de
806 998 871 1062 la
905 998 1015 1062 foi.
1064 998 1401 1079 L’opinion
1444 995 1557 1079 qui
1597 996 1658 1060 le
1705 996 1813 1060 nie
1861 996 2192 1061 s'autorise
2231 996 2311 1061 de
2351 996 2685 1076 l’exemple
2724 992 2817 1056 des

686 1114 963 1178 conciles
991 1112 1437 1194 provinciaux,
1463 1111 1579 1194 qui
1609 1112 2013 1176 eux-memes
2028 1130 2112 1175 ne
2133 1111 2417 1193 peuvent
2440 1128 2559 1192 pas
2587 1108 2819 1172 decider

685 1247 770 1293 en
802 1228 1072 1293 matiere
1106 1228 1185 1291 de
1222 1228 1334 1291 foi.
1381 1226 1714 1309 L'opinion
1749 1226 1862 1309 qui
1901 1226 2236 1305 l'affirme,
2270 1228 2334 1289 et
2365 1225 2482 1309 qui
2529 1226 2706 1289 selon
2739 1225 2822 1288 cet

687 1345 918 1407 auteur
935 1345 1031 1407 est
1048 1344 1107 1407 le
1132 1343 1484 1407 sentiment
1501 1360 1817 1406 commun
1841 1343 1903 1405 et
1922 1342 2063 1405 seul
2082 1341 2418 1420 veritable,
2440 1340 2689 1422 repond
2713 1358 2820 1422 que

684 1458 776 1522 les
811 1458 1235 1540 inquisiteurs
1263 1458 1323 1521 le
1355 1459 1635 1538 peuvent
1663 1475 1852 1537 parce
1883 1456 2077 1539 qu'ils
2111 1458 2259 1520 sont
2284 1454 2600 1539 delegues
2633 1473 2744 1535 par
2769 1454 2821 1518 le

684 1572 1072 1656 saint-siege
1099 1591 1266 1654 pour
1288 1573 1386 1636 cet
1406 1573 1602 1653 objet‚
1632 1572 1844 1654 etque
1867 1571 2189 1635 l'autorite
2214 1571 2328 1653 qui
2357 1572 2456 1635 les
2477 1570 2746 1651 delegue
2768 1570 2821 1632 le

684 1690 993 1769 pouvant,
1025 1689 1104 1752 ils
1129 1689 1188 1752 le
1212 1688 1497 1768 peuvent
1525 1686 1738 1766 aussi3
1771 1705 1898 1768 que
1926 1686 2255 1751 d’ailleurs
2282 1686 2376 1749 les
2411 1685 2822 1768 inquisiteurs

684 1822 767 1868 ne
800 1802 1093 1867 decident
1125 1821 1238 1884 pas
1272 1801 1702 1883 precisement
1733 1802 1829 1864 les
1862 1801 2193 1884 questions
2228 1800 2306 1865 de
2341 1801 2430 1865 foi
2472 1803 2819 1866 controver-

682 1917 816 1982 sees
861 1919 1045 1982 entre
1083 1918 1175 1981 les
1219 1917 1518 1981 docteurs
1560 1917 1985 2000 catholiques,
2036 1916 2203 1979 mais
2240 1917 2592 1997 punissent
2632 1914 2817 1978 seule-

682 2033 867 2097 ment
901 2050 1056 2096 ceux
1084 2033 1274 2114 qu'ils
1303 2033 1540 2114 Jugent
1568 2033 1908 2114 coupables
1940 2031 2137 2096 d'une
2166 2030 2418 2095 heresie
2456 2031 2738 2096 certaine
2767 2029 2818 2092 et

682 2148 1065 2212 manifeste:

727 2249 733 2254 ’
769 2287 800 2324 (ι
822 2264 989 2341 Quin
1028 2263 1163 2326 imo
1201 2280 1320 2326 nec
1358 2261 1780 2345 provincialia
1816 2261 2124 2340 concilia,
2169 2280 2381 2344 neque
2420 2261 2812 2336 Patriarchae,

679 2397 891 2461 neque
930 2377 1275 2455 PrimateS,
1318 2395 1438 2440 nec
1473 2377 1764 2458 Episcopi
1802 2379 2072 2458 possunt
2115 2376 2196 2441 ad
2241 2377 2510 2441 libitum
2553 2376 2812 2441 decidere

677 2512 903 2560 causas
937 2492 1125 2572 fidei3
1171 2492 1281 2557 sed
1320 2494 1534 2556 solum
1572 2492 1653 2557 ad
1681 2493 2018 2558 vicarium
2056 2492 2292 2557 Christi
2334 2495 2398 2557 et
2440 2493 2528 2557 ad
2568 2490 2813 2558 concilia

677 2609 1104 2684 universalia,
1137 2608 1378 2691 quibus
1412 2609 1549 2672 haec
1576 2609 1852 2690 potestas
1879 2609 2225 2672 commissa
2254 2610 2373 2688 est,
2408 2610 2697 2690 pertiuet
2721 2607 2813 2670 de·

680 2722 1130 2788 terminatio...
1143 2771 1157 2785 .
1172 2770 1212 2788 ..

757 2861 789 2898 »
821 2837 1055 2902 Omnia
1086 2839 1193 2901 illa
1221 2839 1342 2915 (les
1373 2839 1724 2920 objections
1752 2841 1979 2905 contre
2007 2841 2068 2904 le
2094 2840 2368 2921 pouvoir
2395 2833 2814 2922 inquisitorial

679 2954 758 3017 de
797 2955 989 3035 juger
1030 2952 1125 3016 les
1167 2951 1570 3035 heretiques)
1620 2956 1879 3019 tantum
1924 2956 2200 3037 probant
2235 2954 2634 3037 quaestiones
2679 2966 2810 3033 gra-

679 3069 888 3133 viores
915 3086 1061 3151 quae
1092 3068 1260 3132 circa
1284 3068 1480 3132 fidem
1507 3087 1575 3132 se
1601 3071 1884 3134 offerunt
1905 3073 1970 3134 et
1992 3070 2221 3135 offerre
2247 3071 2545 3151 possunt,
2571 3069 2809 3132 tantum

676 3184 757 3247 ad
780 3183 1127 3248 concilium
1149 3185 1448 3265 generale
1470 3184 1758 3266 legitime
1785 3187 2253 3267 congregatum
2278 3188 2343 3249 et
2364 3185 2444 3248 ad
2485 3197 2804 3249 summum

684 3301 1060 3365 Pontificem
1109 3300 1431 3380 pertinere
1482 3300 1627 3364 illas
1673 3300 1962 3364 decidere
2010 3301 2076 3363 et
2114 3299 2559 3364 determinare
2595 3319 2613 3362 :
2655 3290 2801 3380 quod

602 3441 605 3445 ’
679 3434 799 3479 nos
822 3416 1100 3479 libenter
1121 3416 1555 3480 concedimus.
1582 3419 1615 3480 J
1622 3415 1880 3480 udicare
1906 3417 2125 3479 tamen
2151 3415 2229 3479 de
2253 3415 2582 3480 haereticis
2605 3416 2665 3480 et
2686 3411 2803 3476 illos
2928 3488 2929 3491 Ἴ

679 3529 945 3612 punire,
977 3529 1042 3593 id
1077 3529 1157 3593 ad
1187 3531 1602 3613 inquisitores
1631 3532 1778 3596 fidei
1809 3532 2005 3595 etiam
2035 3531 2345 3612 pertinet,
2377 3530 2491 3613 qui
2524 3548 2679 3594 cum
2708 3525 2798 3589 de-

674 3645 873 3727 legati
901 3646 1058 3709 sunt
1096 3646 1342 3708 summi
1371 3646 1695 3710 Pontificis
1729 3647 1800 3709 in
1829 3646 2037 3710 causis
2063 3645 2248 3725 fidei,
2283 3645 2588 3709 eamdem
2615 3643 2797 3725 potes·

674 3761 876 3824 tatem
922 3761 1002 3824 ab
1034 3779 1110 3825 eo
1151 3779 1351 3841 quam
1381 3761 1575 3825 habet
1617 3763 1940 3845 consecuti
1990 3764 2143 3827 sunt
2149 3809 2274 3827 .....
2292 3782 2299 3787 ·
2324 3761 2520 3825 Aliud
2565 3761 2660 3827 est
2695 3756 2798 3820 hae·

674 3876 902 3940 reticos
937 3876 1227 3958 judicare
1266 3878 1329 3939 et
1358 3877 1592 3957 punire
1631 3895 1834 3956 posse,
1879 3877 2058 3941 aliud
2093 3895 2248 3942 vero
2284 3875 2363 3940 de
2400 3876 2660 3953 haeresi,
2702 3884 2794 3934 seu

675 3991 1111 4072 propositione
1135 3991 1215 4056 de
1238 3979 1366 4074 qua
1388 3992 1724 4056 dubitatur
1751 3993 1923 4057 inter
1946 3993 2122 4057 viros
2145 3992 2360 4057 doctos
2389 3994 2454 4056 et
2476 3987 2795 4056 catholicos

674 4124 759 4169 an
803 4105 1100 4171 haeretica
1142 4108 1224 4171 sit
1256 4109 1360 4172 vel
1399 4127 1566 4186 non,
1611 4109 2002 4173 sententiam
2041 4110 2235 4175 ferre.
2285 4111 2435 4170 Haec
2473 4107 2654 4170 enim
2687 4100 2795 4164 duo

675 4221 884 4284 multa
917 4221 1248 4286 differunt.
1295 4224 1519 4287 Omnis
1552 4242 1835 4307 namque
1873 4224 1985 4307 qui
2017 4223 2097 4288 de
2131 4222 2360 4287 haeresi
2388 4220 2675 4303 judicare
2705 4229 2794 4296 po·

673 4334 830 4411 test,
873 4335 978 4399 vel
1014 4338 1514 4418 propositionem
1558 4338 1829 4402 dubiam
1870 4339 2240 4404 haereticam
2282 4339 2398 4402 aut
2438 4333 2788 4401 catholicam

675 4449 910 4530 facere,
933 4451 1312 4518 haereticum
1327 4454 1622 4536 judicare
1645 4456 1709 4519 et
1730 4455 1964 4536 punire
1981 4456 2184 4537 potest
2202 4475 2218 4519 z
2241 4456 2306 4519 et
2323 4453 2430 4517 hic
2448 4454 2545 4518 est
2561 4448 2786 4515 tantum
