3038 5623
689 838 824 909 108
1390 838 1766 905 nnuxlizmss
1815 857 2101 905 PARTIE.

680 1026 711 1064 n
748 1003 972 1069 cilium
992 1005 1375 1068 cunctonum
1395 1003 1849 1084 Episcoporum
1875 1002 2205 1067 charitatis
2223 1001 2679 1066 communione
2701 1001 2819 1083 pri·

680 1144 711 1181 »
748 1123 1016 1185 vetur.»
1062 1126 1144 1185 Le
1174 1120 1388 1184 meme
1437 1119 1620 1202 point
1655 1119 1733 1183 de
1777 1118 1949 1184 droit
1993 1138 2058 1184 se
2104 1121 2329 1183 trouve
2373 1118 2817 1200 pareillement

681 1237 875 1300 etabli
903 1255 1018 1318 par
1044 1237 1105 1300 le
1129 1236 1407 1301 dixieme
1436 1254 1669 1301 canon.
1709 1259 1738 1295 «
1763 1236 2008 1300 Placuit
2034 1238 2108 1299 ut
2130 1234 2390 1318 quando
2415 1252 2813 1316 congregan-

683 1375 717 1416 »
754 1353 910 1417 dum
945 1353 1041 1416 est
1063 1352 1437 1432 concilium,
1463 1353 1752 1434 Episcopi
1782 1352 1893 1435 qui
1924 1371 2133 1436 neque
2157 1353 2359 1430 aetate,
2386 1370 2599 1434 neque
2628 1350 2811 1433 aegri-

684 1492 717 1532 »
750 1468 999 1547 111111113,
1028 1486 1239 1550 neque
1269 1468 1395 1534 alia
1423 1469 1709 1551 graviori
1739 1470 2114 1534 necessitate
2147 1468 2617 1551 impediuntur,
2648 1484 2817 1530 com-

684 1607 714 1645 »
757 1585 1048 1666 petenter
1109 1586 1472 1650 occurrant.
1533 1586 1709 1663 Quod
1767 1586 1820 1650 si
1878 1603 2012 1649 non
2074 1584 2400 1666 potuerint
2458 1601 2814 1661 occurrere,

681 1722 713 1761 n
751 1700 1188 1765 excusationes
1212 1719 1359 1765 suas
1385 1701 1759 1766 litteratorie
1783 1701 2212 1765 conscribant.
2245 1722 2275 1760 ι)

761 1821 876 1881 Les
902 1817 1297 1899 expressions
1319 1817 1407 1881 du
1430 1818 1674 1883 concile
1697 1817 1777 1882 de
1800 1820 2035 1883 Trente
2064 1837 2145 1882 ne
2170 1818 2499 1882 sauraient
2523 1817 2659 1882 3113
2681 1816 2817 1899 plus

681 1933 1005 2016 explicites
1030 1952 1047 1997 ε
1077 1956 1108 1993 (1
1131 1937 1263 2013 Quo
1278 1934 1563 2018 Episcopi
1585 1953 1887 2001 omnes...
1911 1935 2255 2002 convenire
2275 1935 2545 2000 omnino
2567 1937 2816 2001 tenean-

683 2051 812 2114 tur.
845 2072 875 2110 1)

761 2170 873 2231 Les
896 2157 1181 2252 Eveques
1211 2167 1430 2250 quine
1460 2171 1606 2232 sont
1646 2168 1891 2233 soumis
1943 2168 1981 2232 3
2027 2169 2091 2232 13
2109 2167 2488 2249 juridiction
2532 2166 2808 2231 d'aucun

677 2283 1092 2366 Archeveque
1138 2285 1201 2348 et
1247 2283 1611 2366 dependent
1665 2284 2225 2348 immediatement
2267 2285 2357 2347 du
2399 2282 2816 2365 Saint-Siege,

681 2402 829 2463 sont
858 2402 1301 2482 pareillement
1347 2402 1605 2465 atteints
1651 2419 1765 2484 par
1800 2402 1864 2464 la
1901 2402 1988 2464 loi
2030 2400 2118 2463 du
2150 2400 2394 2464 concile
2425 2399 2503 2463 de
2532 2400 2769 2463 Trente
2800 2418 2816 2462 :

690 2539 721 2576 «
760 2516 987 2581 Itidem
1016 2518 1305 2601 Episcopi
1336 2519 1448 2601 qui
1483 2518 1648 2582 nulli
1677 2518 2164 2601 Archiepiscopo
2209 2516 2671 2599 sriinciuntur,
2707 2515 2818 2580 ali-

685 2652 733 2691 »¹
767 2651 963 2714 quem
1018 2634 1310 2697 vicinum
1358 2629 1923 2715 Metropolitanum
1967 2635 2164 2698 semel
2207 2627 2472 2715 eligant,
2519 2632 2595 2696 in
2646 2634 2821 2713 cujus

687 2769 718 2807 »
765 2749 1004 2831 synodo
1035 2750 1409 2831 provinciali
1432 2769 1586 2815 cum
1619 2750 1763 2814 aliis
1795 2750 2099 2816 interesse
2129 2749 2407 2814 debeant
2418 2767 2439 2830 3
2469 2750 2534 2813 et
2560 2766 2711 2832 quae
2738 2746 2819 2810 ibi

684 2887 718 2928 ›>
764 2865 1057 2931 ordinata
1086 2867 1329 2931 fuerint
1347 2868 1693 2932 observent
1711 2886 1783 2932 ac
1806 2868 2134 2932 observari
2155 2867 2438 2931 faciant·
2463 2867 2536 2930 in
2559 2865 2832 2949 reliquis-

683 3004 714 3042 »
763 2983 1070 3047 omnibus
1100 3001 1328 3048 eorum
1359 2984 1675 3067 exemptio
1703 2985 1765 3048 et
1791 2984 2130 3066 privilegia
2158 2983 2334 3047 salva
2357 2984 2549 3066 atque
2573 2983 2820 3114 integra

681 3120 712 3159 n
761 3102 1157 3164 maneant.»
1198 3104 1378 3179 (Sess.
1414 3108 1514 3179 ⁶²4,
1549 3104 1686 3182 cap.
1721 3107 1756 3162 2
1783 3100 1860 3164 de
1885 3100 2001 3164 ref.
2011 3101 2027 3183 )

762 3221 873 3282 Ces
903 3221 1070 3281 mots
1094 3226 1148 3282 et
1175 3236 1309 3301 quw
1333 3218 1420 3281 ibi
1449 3215 1743 3282 ordinata
1778 3219 2013 3301 fuerint
2051 3219 2362 3282 observent
2387 3234 2468 3281 ne
2491 3215 2820 3280 conferent

682 3351 766 3396 au
795 3332 1262 3414 Metropolitain
1287 3352 1503 3399 aucun
1528 3333 1696 3398 droit
1719 3333 1797 3398 de
1815 3333 2227 3397 contraindre
2246 3325 2546 3418 leveque
2569 3331 2817 3412 exempt

683 3449 720 3512 3
743 3450 1196 3515 l'observation
1225 3451 1336 3516 des
1364 3450 1607 3515 decrets
1645 3451 1890 3532 publies
1920 3450 2080 3514 dans
2109 3451 2168 3514 le
2197 3448 2463 3527 concile,
2491 3447 2660 3511 ainsi
2698 3465 2815 3530 que

681 3565 745 3628 la
784 3564 1240 3647 congregation
1283 3564 1395 3630 des
1433 3546 2193 3648 cardinaux-interpretes
2229 3565 2315 3629 l'a
2354 3562 2571 3628 decide
2602 3582 2719 3646 par
2755 3563 2812 3625 13

681 3678 1073 3744 declaration
1098 3682 1390 3746 suivante
1419 3700 1434 3744 :
1467 3703 1502 3743 «
1530 3684 1606 3746 Et
1618 3682 1974 3746 notandum
2006 3680 2175 3764 quod
2200 3683 2544 3763 Episcopus
2566 3697 2814 3761 exemp·

679 3818 711 3857 »
761 3798 865 3860 tus
895 3796 1007 3880 qui
1033 3797 1593 3879 Metropolitanum
1633 3799 1925 3863 vicinum
1952 3799 2151 3862 semel
2176 3798 2391 3880 elegit,
2426 3799 2491 3861 et
2514 3799 2655 3879 ejus
2678 3813 2814 3878 pro-

679 3933 711 3972 »
759 3913 1018 3977 vinciali
1048 3913 1290 3996 synodo
1332 3914 1652 3993 interfuit,
1700 3933 1833 3978 non
1890 3915 2092 3997 potest
2136 3915 2217 3977 ab
2250 3912 2474 3978 eodem
2503 3914 2810 3994 Metropo-

681 4053 708 4087 »ι
759 4029 960 4092 1113110
987 4030 1283 4111 compelli
1331 4047 1450 4094 nec
1487 4032 1627 4112 cogi
1675 4030 1754 4093 ad
1803 4029 2291 4094 constitutiones
2333 4029 2403 4092 in
2452 4047 2528 4093 ea
2575 4027 2810 4112 synodo

684 4167 715 4204 »
762 4125 974 4209 editas⁴
990 4146 1456 4226 observandas;
1491 4147 1582 4211 sic
1599 4145 2013 4228 congregatio
2036 4145 2312 4224 censuit,
2338 4146 2402 4208 et
2426 4145 2547 4208 hoc
2569 4144 2808 4208 ratione

679 4287 721 4324 »-
759 4261 1179 4342 exemptionis
1189 4281 1210 4342 3
1240 4281 1395 4326 nam
1420 4263 1777 4327 concilium
1804 4261 2097 4344 loquitur
2120 4262 2377 4324 tantum
2422 4259 2500 4324 de
2540 4261 2806 4323 interes-

674 4401 704 4439 »
755 4377 981 4456 sentia3
1014 4377 1085 4440 in
1111 4379 1377 4462 reliquis
1397 4397 1552 4443 vero
1574 4379 1786 4443 servat
1809 4377 2281 4459 exemptionem
2306 4375 2809 4456 Metropolitano-

679 4492 710 4556 ‚5
760 4511 938 4557 rum.
969 4513 1000 4551 ³>
1033 4493 1220 4571 (Decl.
1250 4495 1315 4558 in
1346 4513 1482 4576 cap.
1521 4503 1557 4557 2
1584 4495 1662 4558 de
1693 4494 1842 4573 ref„
1872 4511 2022 4557 sess.
2058 4502 2132 4556 24
2164 4511 2344 4558 30113.
2371 4491 2571 4570 Trid.)

753 4611 965 4696 Quant
1014 4627 1096 4672 au
1142 4609 1327 4674 choix
1368 4610 1456 4674 du
1503 4610 1993 4693 Metropolitain,
2037 4609 2190 4673 e’est
2228 4600 2530 4690 l'Eveque
2557 4602 2799 4684 exempt
