3038 5623
387 780 688 829 CONCILE
723 783 935 830 PROV.
979 783 1115 830 PAR
1146 784 1468 831 RAPPORT
1518 784 1612 830 Au
1651 769 2143 832 SAINT-slliGE.
2256 761 2396 831 257

260 946 295 986 >³
328 925 762 1008 attentaverit,
790 929 865 991 ut
896 928 1255 993 honoretur
1295 931 1366 992 B.
1404 928 1573 993 Petri
1608 928 2060 1011 Apostolorum
2098 926 2406 1010 principis

261 1062 292 1101 n
320 1042 663 1122 memoria,
709 1044 1125 1127 Ecclesiaeque
1162 1062 1448 1110 romanae
1496 1044 1604 1109 cui
1657 1043 1958 1126 praesedit
1991 1042 2406 1125 privilegium

262 1181 292 1218 n
322 1159 388 1222 et
414 1158 620 1222 nostri
652 1159 940 1224 nominis
959 1161 1323 1239 anctoritaS,
1359 1160 1548 1225 liceat
1574 1160 1667 1226 illi
1695 1163 1833 1243 post
1855 1159 2250 1224 auditionem
2278 1158 2408 1241 pri·

263 1296 295 1334 ι)
326 1277 582 1339 matum
608 1274 975 1356 dioeccseos„
1000 1276 1054 1341 si
1076 1295 1332 1342 necesse
1357 1277 1580 1356 fuerit,
1601 1294 1720 1340 nos
1734 1276 2077 1358 appellare,
2108 1278 2172 1340 et
2191 1286 2408 1341 nostra

263 1412 295 1451 n
324 1391 726 1471 auctoritate,
754 1395 867 1457 aut
889 1395 1038 1457 ante
1063 1411 1207 1473 noS,
1237 1395 1350 1458 aut
1382 1395 1532 1458 ante
1561 1394 1829 1475 Legatos
1855 1394 2073 1457 nostro
2099 1411 2174 1457 ex
2208 1393 2408 1457 latere

267 1532 296 1567 ι»
332 1508 588 1584 missos,
613 1510 797 1590 ,iuxta
821 1511 1084 1575 Patrum
1105 1509 1382 1589 decreta,
1406 1526 1555 1574 suas
1578 1527 1868 1575 exercere
1891 1509 2285 1593 atquefinire
2308 1527 2412 1574 ac-

266 1646 297 1684 »
334 1625 541 1690 tiones
570 1644 586 1688 :
621 1626 969 1710 nullusque
996 1626 1187 1691 illum
1202 1629 1354 1691 ante
1382 1626 1519 1691 haec
1536 1626 1779 1708 judicet
1806 1629 1919 1690 aut
1927 1626 2219 1709 judicare
2249 1644 2409 1708 prae-

264 1762 297 1801 »
332 1743 570 1805 sumat.
605 1741 726 1807 Sed
761 1742 1027 1825 siquid,
1062 1743 1232 1825 quod
1259 1742 1442 1815 absit,
1475 1761 1670 1825 grave
1705 1743 2316 1826 intolerandumque
2347 1741 2407 1807 ei

266 1878 297 1915 ι)
327 1860 655 1940 objectum
701 1858 917 1936 fuerit,
965 1860 1184 1923 nostra
1236 1859 1360 1924 erit
1402 1859 1793 1941 expectanda
1814 1877 2108 1938 censura,
2138 1860 2213 1923 ut
2240 1858 2409 1923 nihil

268 1996 297 2032 »
333 1973 541 2056 priuS,
571 1974 652 2038 de
675 1992 752 2039 eo
773 1974 887 2057 qui
916 1974 998 2038 ad
1027 1975 1247 2039 sinum
1289 1977 1524 2041 sanctae
1554 1977 1842 2041 Ecclesiae
1867 1993 2153 2040 romanae
2177 1976 2405 2040 confu-

267 2110 298 2148 ι)
339 2089 452 2170 git,
478 2089 865 2154 decernatur
884 2109 1085 2173 quam
1105 2092 1187 2155 ab
1196 2091 1489 2173 ejusdem
1510 2091 1807 2157 Ecclesiae
1823 2091 2198 2155 auctoritate
2219 2089 2416 2155 fuerit

268 2229 298 2265 »
335 2207 724 2288 praeceptum
750 2231 768 2286 3
792 2225 936 2289 quoe
965 2206 1054 2272 sic
1076 2208 1246 2273 vices
1275 2226 1425 2272 suas
1449 2209 1593 2273 aliis
1621 2207 1977 2289 impertivit
1996 2206 2302 2285 ecclesiiS,
2337 2208 2415 2269 ut

266 2344 298 2382 »
330 2322 400 2386 in
433 2324 688 2404 partem
718 2322 847 2389 sint
868 2325 1104 2388 vocatae
1133 2323 1611 2401 sollicitudinis,
1647 2342 1778 2388 non
1825 2324 1895 2386 in
1941 2322 2414 2405 plenitudinem

267 2461 297 2496 ‚2
336 2432 746 2521 potestatis...
791 2441 1034 2513 Sanctae
1082 2438 1539 2504 recordationis
1590 2439 2003 2504 Innocentius
2052 2440 2415 2502 antecessor

267 2576 299 2613 ι)
337 2557 557 2618 noster
579 2555 671 2620 sic
698 2555 790 2619 ait
815 2573 833 2618 ε
863 2558 934 2622 Si
961 2557 1235 2640 majores
1277 2573 1477 2620 causae
1499 2556 1571 2619 in
1593 2554 1793 2620 medio
1821 2556 2058 2637 suerint
2082 2554 2412 2632 devolutae,

265 2690 300 2729 >2
335 2670 423 2734 ad
447 2670 660 2735 Sedem
681 2673 1118 2753 apostolicum,
1146 2682 1219 2737 ut
1238 2674 1498 2740 Nicoena
1527 2671 1797 2753 synodus
1827 2671 2126 2754 definivit,
2160 2678 2217 2734 et
2237 2672 2417 2734 inve-

266 2810 294 2845 »
335 2795 542 2852 lerata
565 2789 941 2854 consuetudo
966 2790 1189 2872 exeqit,
1213 2791 1563 2873 reserant...
1589 2786 1924 2870 Praeceptis
1940 2805 2094 2869 ergo
2122 2785 2416 2870 apostoli·

264 2927 294 2963 n
333 2905 429 2969 cis
458 2924 595 2969 non
620 2905 707 2970 du
718 2924 788 2970 ra
816 2906 1120 2988 superbia
1140 2906 1498 2985 resistatur,
1531 2905 1641 2969 sed
1669 2923 1784 2986 per
1810 2903 2243 2968 obedientiam
2269 2919 2414 2985 quae

260 3044 292 3077 π
333 3039 374 3085 a
403 3024 623 3086 sancta
643 3041 909 3086 romana
936 3023 1212 3088 Ecclesia
1228 3025 1293 3087 et
1317 3023 1655 3104 apostolica
1675 3020 2245 3099 auctoritaleJussa
2265 3019 2418 3081 sunt

257 3157 290 3195 ι)
329 3136 663 3203 salutifere
694 3138 1093 3220 impleantur
1112 3139 1165 3203 si
1194 3137 1490 3221 ejusdem
1523 3139 1760 3202 sanctae
1784 3135 1894 3200 Dei
1917 3132 2240 3211 Ecclesiae,
2268 3150 2413 3215 quae

254 3272 290 3309 n
326 3255 430 3316 est
477 3256 671 3336 caput
723 3258 1012 3319 vestrum
1031 3302 1052 3335 ,
1101 3254 1636 3320 communionem
1681 3250 1917 3316 habere
1965 3248 2408 3314 desideratis...

255 3389 292 3428 »
329 3373 476 3433 Non
512 3388 763 3435 novum
789 3371 1032 3455 aliquid
1065 3372 1360 3454 praesenti
1381 3369 1673 3452 jussione
1698 3366 2133 3450 praecipimus,
2166 3364 2273 3430 sed
2302 3365 2415 3429 illa

254 3506 289 3544 ι)
328 3504 482 3570 qnae
501 3487 657 3551 olim
677 3487 985 3552 videntur
1007 3488 1257 3552 indulta
1278 3489 1624 3551 firmamus
1634 3502 1655 3565 3
1677 3504 1833 3574 cum
1851 3484 2015 3549 nulli
2031 3483 2309 3548 dubium
2332 3484 2414 3547 sit

248 3622 287 3662 n
324 3602 513 3686 quod
537 3621 670 3667 non
695 3605 911 3668 solum
931 3604 1310 3686 pontificalis
1332 3602 1640 3681 causatio,
1664 3600 1774 3666 sed
1798 3601 1998 3665 munis
2022 3608 2249 3664 sanclae
2271 3599 2415 3663 reli-

246 3740 281 3775 »
327 3718 548 3799 yionis
597 3720 854 3798 relatu),
901 3719 980 3783 ad
1023 3719 1249 3784 Sedem
1275 3719 1682 3802 apostolicam
1710 3716 1893 3800 quusi
1931 3714 2011 3779 ad
2059 3715 2250 3796 caput
2290 3718 2413 3779 Ec-

248 3854 284 3892 »
327 3833 690 3898 clesiarum
735 3834 927 3899 debet
966 3836 1195 3900 referri
1250 3837 1313 3900 et
1368 3834 1521 3899 inde
1571 3849 1873 3897 normam
1925 3848 2183 3895 sumere
2237 3830 2413 3894 unde

237 3971 274 4008 ι)
332 3950 632 4030 sumpsit
658 3950 990 4015 exordium
1006 3976 1024 4033 3
1056 3933 1153 4015 ‘ne
1182 3953 1373 4033 caput
1397 3948 1823 4016 institutionis
1848 3947 2146 4011 videatur
2174 3945 2407 4011 omitti.

238 4088 274 4125 n
319 4067 540 4147 Cujus
595 4066 995 4131 auctoritatis
1038 4068 1439 4133 sanctionem
1486 4082 1713 4130 omnes
1763 4065 2025 4128 teneant
2057 4057 2413 4128 sacerdotes

249 4210 279 4242 n
319 4182 456 4267 qui
485 4182 720 4245 nolunt
748 4183 830 4245 ab
861 4183 1232 4264 Apostolicae
1256 4187 1472 4266 petrae,
1504 4201 1699 4264 super
1721 4199 1921 4264 quam
1944 4178 2233 4245 Christus
2252 4179 2413 4244 nni-⁴

230 4322 266 4360 ι)
309 4299 657 4364 versalem
683 4297 982 4362 fundavit
1003 4300 1374 4376 Ecclesiam,
1403 4299 1717 4364 soliditate
1735 4296 1974 4362 divelli.
2001 4319 2033 4357 »
2064 4295 2412 4376 (sirmond,

231 4438 269 4477 ι)
309 4418 365 4480 t.
408 4418 495 4492 ΙΙ,
521 4433 584 4496 p.
612 4414 779 4497 569.)

323 4530 579 4612 Ainsi,
594 4527 850 4612 d'apres
872 4548 943 4596 ce
961 4533 1149 4614 Pape,
1174 4529 1571 4615 l'obligation
1600 4529 1679 4596 de
1703 4532 2057 4598 soumettre
2085 4549 2169 4595 au
2199 4528 2410 4594 Saint⁴

2097 4646 2169 4701 17
