3038 5623
161 781 601 842 ominA‘moivs
651 796 753 842 Du
801 793 1101 840 coneum
1164 795 1406 862 PROV„
1474 796 1624 841 irre.
1831 777 1960 847 531

0 938 99 1020 »pi,
146 939 299 1021 quia
341 939 495 1003 alibi
533 957 734 1021 quam
782 939 852 1001 in
882 938 1155 1002 concilio
1183 938 1561 1018 provinciali
1592 941 1886 1021 cognosci
1912 943 1977 1006 et

4 1054 172 1118 inari
216 1072 351 1118 non
394 1056 688 1135 possunt,
740 1054 793 1116 si
835 1053 1061 1118 delatae
1098 1053 1365 1132 fuerint,
1404 1054 1833 1135 recipientur3
1869 1057 1978 1121 sed

1 1169 86 1233 ita
125 1170 393 1251 passim,
430 1171 502 1232 ut
545 1148 897 1232 levioribus
924 1169 1445 1251 quibuscumque
1475 1170 1755 1252 querelis
1793 1188 1984 1236 aures

0 1303 53 1348 es
77 1283 648 1349 accommodentur
681 1283 776 1365 (ut
799 1301 953 1347 sess,
990 1291 1094 1362 24,
1122 1301 1179 1347 c.
1204 1287 1281 1363 5).
1312 1288 1437 1347 Has
1464 1287 1684 1349 tamen
1712 1304 1846 1349 non
1880 1303 1981 1350 so-

6 1399 224 1480 ipsum
252 1399 633 1475 concilium,
658 1399 913 1462 etiamsi
944 1417 1078 1463 non
1109 1398 1272 1462 adsit
1300 1419 1619 1465 numerus
1643 1401 1986 1466 duodecim

0 1532 296 1594 :oporum
328 1531 365 1576 a
393 1515 545 1595 jure
578 1514 959 1595 requisituS,
1006 1514 1116 1578 sed
1157 1515 1355 1579 etiam
1400 1517 1482 1578 ab
1521 1516 1654 1596 ipso
1699 1516 1988 1597 deputati

3 1647 219 1693 oscere
250 1629 553 1709 poterunt
586 1649 602 1692 :
639 1629 750 1711 qui
781 1631 1168 1711 regulariter
1193 1630 1276 1694 ob
1297 1631 1731 1695 reverentiam
1767 1633 1986 1712 ponti-

0 1745 43 1807 is
70 1744 265 1806 officii
294 1762 369 1807 ex
403 1762 601 1807 sacrae
629 1746 1147 1826 congregationis
1180 1746 1499 1809 sententia
1527 1747 1790 1809 nonnisi
1818 1748 1994 1828 Epis-

20 1862 241 1936 erunt,
275 1859 331 1923 si
369 1878 446 1924 ex
474 1860 1056 1925 causaconcilium
1092 1859 1279 1924 aliter
1316 1880 1449 1924 non
1473 1861 1883 1943 judicaverit.
1919 1865 1994 1925 Et

0 1975 317 2039 :rtendum
344 1977 481 2038 tam
505 1975 860 2039 concilium
884 1994 1084 2058 quam
1112 1975 1313 2040 dictos
1351 1976 1715 2058 deputatoS‚
1748 1996 1884 2041 non
1913 1979 1992 2041 ad

0 2110 163 2157 irem
202 2110 401 2173 quam
441 2091 519 2154 ad
562 2091 969 2155 caritativam
1005 2093 1469 2157 correctionem
1499 2092 1844 2173 procedere
1883 2093 1996 2158 de·-

133 2207 195 2269 et
224 2206 508 2286 deputati
535 2206 599 2269 id
625 2208 927 2287 praestare
958 2208 1261 2288 poterunt
1283 2207 1480 2272 etiam
1509 2209 1651 2288 post
1683 2207 1990 2271 termina·

22 2322 82 2385 et
113 2321 377 2385 finitum
413 2322 784 2386 concilium.
826 2327 979 2399 Quae
1012 2323 1238 2387 omnia
1276 2323 1491 2386 locum
1523 2323 1766 2386 hahent
1794 2323 1992 2386 etiam

0 2438 176 2501 :ausis
220 2437 669 2501 criminalibus
715 2439 941 2502 contra
986 2438 1346 2519 ipsummet
1388 2437 1991 2519 Archiepiscopum,

12 2555 166 2617 item
191 2554 260 2616 in
289 2553 620 2618 civilibus.

0 2674 194 2733 Porro
216 2668 545 2750 judicibus
575 2669 638 2732 et
669 2669 961 2749 personis
1008 2669 1508 2749 particularibus
1553 2669 1810 2751 negotia
1855 2685 2000 2751 quae

4 2785 189 2849 finita
216 2786 560 2850 remanent
598 2786 888 2866 tempore
917 2784 1355 2849 dissolutionis
1380 2787 1494 2849 aut
1523 2784 1674 2849 finis
1706 2784 1994 2864 concilii,

0 2902 61 2964 la
90 2901 212 2982 ipsi
235 2900 669 2965 determinent
696 2901 1052 2981 postgfinem
1074 2900 1452 2981 impositum
1476 2900 1772 2977 concine,
1805 2918 1990 2963 com-

0 3018 29 3080 ·.i
77 3035 208 3081 non
234 3018 540 3098 poterunt
576 3015 701 3079 nisi
747 3016 816 3080 in
857 3016 1067 3080 causis
1097 3015 1169 3078 in
1197 3014 1469 3079 concilio
1507 3014 1887 3077 Tridentino
1931 3017 1995 3077 et

0 3152 95 3197 ire
123 3133 453 3214 expressis.
486 3134 621 3196 Eta
646 3131 973 3213 judicibus
1027 3130 1365 3213 praedictis,
1418 3129 1533 3210 qui
1582 3128 1661 3193 de
1703 3131 1995 3211 proximo

0 3249 41 3311 is
81 3248 351 3331 negotiis
402 3266 517 3312 seu
574 3247 783 3311 causis
830 3246 1271 3328 cognoverint,
1311 3244 1620 3325 appellari
1667 3244 1857 3311 debet
1912 3247 1992 3311 ad

0 3366 231 3443 statem,
276 3362 739 3438 patriarcham,
773 3363 879 3425 vel
922 3366 1183 3442 Papam.

6 3480 315 3544 Similiter
340 3480 677 3561 cognoscet
703 3480 927 3541 contra
971 3478 1374 3558 negligentes
1425 3478 1766 3560 Episcopos
1795 3478 1866 3542 in
1914 3478 1992 3542 iis

22 3613 251 3659 eorum
293 3594 584 3658 muneris
620 3595 776 3658 sunt
810 3592 1139 3673 explendis
1147 3639 1268 3657 .....
1278 3641 1299 3671 ,
1342 3593 1628 3657 maxime
1651 3594 1821 3657 circa
1878 3612 1986 3657 or·-

0 3711 215 3774 .tiones
256 3710 663 3787 clericorum,
703 3709 1209 3773 seminariorum
1239 3708 1740 3786 institutionem,
1794 3710 1858 3771 et
1893 3726 1993 3772 ec-

0 3828 202 3889 {arum
243 3826 621 3889 curatarum
658 3824 1056 3905 provisiones
1083 3841 1229 3904 quae
1257 3841 1394 3886 non
1420 3822 1547 3887 nisi
1577 3841 1691 3903 per
1721 3841 1988 3887 concur-

0 3940 176 4004 ,fieri
205 3942 493 4021 possunt.
532 3942 715 4019 (SeSS.
749 3947 854 4016 24,
886 3956 942 4002 c.
988 3941 1220 4017 18).....

1 4060 220 4121 causae
246 4074 401 4120 vero
452 4060 517 4119 et
573 4055 1026 4119 controversiae
1079 4054 1252 4118 inter
1305 4053 1569 4117 clericos
1616 4051 1987 4132 inferiores,

0 4195 10 4233 ι
40 4173 122 4235 ab
150 4189 379 4235 eorum
414 4171 760 4235 ordinariis
790 4170 973 4235 facile
995 4169 1254 4233 definiri
1278 4169 1567 4249 possunt,
1599 4167 1821 4231 minus
1849 4186 1995 4248 pro-

24 4287 105 4351 ad
132 4286 525 4368 provinciale
565 4286 912 4351 concilium
945 4286 1265 4365 pertinere
1283 4284 1667 4347 noscuntur.

2 4407 242 4468 Omnes
270 4420 424 4466 vero
452 4420 677 4467 causas
703 4402 1027 4465 vertentes
1075 4399 1145 4462 in
1184 4398 1394 4480 prima
1438 4397 1745 4461 instantia
1773 4415 1994 4461 coram

0 4518 181 4600 copis
233 4516 684 4599 suffraganeiS‚
732 4534 809 4580 ex
839 4516 1162 4581 sententia
1204 4532 1397 4580 sacrae
1446 4512 1992 4597 congregationis,
