3038 5623
601 735 740 803 402
1281 737 1699 816 ρΠΑΤΒΙὲΜΕ
1755 757 2037 805 PAR‘rrE.

682 920 713 960 a
735 899 1082 981 Exemplar
1112 900 1384 981 epistolae
1408 899 1716 982 qeneralis
1736 917 1873 982 quae
1899 901 1984 964 ad
2009 903 2350 984 Episcopos
2376 899 2737 966 invitandos

594 1038 622 1072 n
657 1015 726 1079 in
773 1032 968 1080 causa
1013 1016 1236 1080 insuloe
1280 1016 1631 1087 Lerinensis
1672 1017 1866 1080 missa
1900 1025 2025 1081 est.-
2059 1051 2136 1061 -
2169 1015 2472 1094 Quotiens
2516 1033 2735 1079 mem—

590 1152 622 1189 »
659 1130 858 1195 brum
876 1130 1136 1214 aliquod
1161 1131 1447 1214 quolibet
1465 1130 1867 1195 infirmitatis
1892 1149 2124 1212 genere
2142 1132 2413 1210 laborat,
2434 1130 2575 1194 fieri
2596 1147 2735 1191 non

590 1266 620 1304 υ
660 1246 867 1327 potest
892 1246 1053 1330 quin
1082 1245 1374 1328 eJusdem
1405 1246 1691 1328 corporis
1712 1246 1909 1311 etiam
1932 1248 2163 1311 caetera
2180 1246 2480 1311 membra
2498 1243 2736 1309 condo-

587 1381 619 1419 »
655 1360 853 1425 leant.
880 1364 959 1425 Et
982 1359 1124 1424 ideo
1149 1378 1412 1425 causam
1436 1379 1583 1444 quae
1611 1360 1785 1425 inter
1812 1362 2109 1425 sanctum
2131 1359 2500 1441 episcopum
2524 1358 2737 1422 Theo-

585 1496 618 1533 »
654 1474 886 1538 dorum
904 1476 967 1538 et
980 1476 1702 1540 sanctumValerianum
1726 1475 1830 1539 vel
1854 1475 2158 1538 sanctum
2179 1473 2537 1540 Maximum
2566 1472 2732 1537 item

462 1580 473 1589 ’
590 1610 620 1648 ο
655 1589 1018 1672 EpiscopoS,
1049 1591 1253 1674 atque,
1300 1591 1603 1654 abbatem
1648 1591 1964 1654 Faustum
2016 1607 2275 1654 necnon
2330 1570 2395 1653 et
2443 1589 2730 1672 reliquos

586 1726 617 1764 n
654 1705 884 1769 fratres
934 1704 1166 1769 insulae
1210 1706 1577 1770 Lerinensis
1604 1705 1943 1782 acciderat,
1983 1705 2224 1788 absque
2262 1704 2462 1768 dubio
2497 1721 2730 1767 omnes

581 1840 618 1880 n
654 1836 774 1883 nos
796 1819 911 1902 qui
950 1819 1021 1883 in
1045 1819 1298 1884 Christo
1346 1838 1565 1884 unum
1594 1838 1847 1900 sumUS,
1887 1820 2146 1884 differre
2190 1837 2323 1883 non
2353 1836 2724 1901 possumuS‚

580 1955 611 1992 ι)
648 1932 772 1996 nisi
802 1932 866 1996 id
896 1951 1172 2017 agamus
1202 1935 1479 2017 qualiter
1507 1936 1771 1999 curetur
1799 1937 1864 1999 et
1884 1936 2311 2017 abstergatur.
2336 1932 2433 1997 Ad
2459 1933 2579 1996 hoc
2607 1933 2726 1997 ita-

576 2070 608 2107 »
644 2067 770 2131 que
814 2049 1312 2114 remediandum
1367 2048 1748 2114 scandalum
1800 2050 2202 2115 orationibus
2249 2048 2481 2115 vestris
2529 2048 2723 2112 tertio

582 2185 614 2222 n
649 2163 962 2229 kalendas
985 2165 1322 2246 januarias
1353 2164 1698 2229 audientioe
1738 2164 1875 2230 dies
1902 2168 2000 2229 est
2047 2165 2454 2231 constitutus.
2510 2170 2720 2246 Roga-

573 2302 602 2336 »
648 2297 796 2344 mus
840 2298 1029 2362 ergo,
1078 2282 1154 2344 ut
1194 2281 1495 2345 sanctitas
1545 2284 1761 2345 vestra
1799 2298 1866 2346 se
1915 2299 2123 2364 usque
2163 2282 2416 2345 Arelate
2450 2280 2723 2362 fatigare

589 2416 620 2454 n
657 2393 966 2477 dignetur
999 2415 1016 2458 τ
1048 2397 1354 2478 quatinus
1408 2398 1666 2460 tantum
1717 2396 1969 2460 malum
2008 2396 2184 2479 quod
2223 2395 2528 2459 dilatione
2575 2395 2723 2476 plus

575 2531 607 2568 ι)
643 2511 889 2588 crescit,
946 2511 1360 2575 beatitudinis
1417 2514 1643 2577 vestrae
1693 2511 2034 2593 praesentia
2081 2511 2486 2575 terminetur.
2542 2511 2714 2574 Talis

570 2646 601 2685 υ
640 2626 821 2690 enim
876 2645 1071 2690 causa
1131 2645 1275 2709 quse
1325 2629 1462 2691 tam
1514 2627 1760 2709 grande
1808 2626 2189 2690 scandalum
2244 2625 2489 2707 gignit,
2549 2625 2719 2690 sicut

571 2764 600 2800 »
638 2740 966 2805 atrocitate
991 2741 1092 2805 sui
1118 2741 1356 2805 multos
1381 2741 1676 2821 involvit,
1702 2741 1791 2805 ita
1815 2742 2032 2824 plures
2053 2740 2164 2825 qui
2195 2741 2265 2804 in
2290 2740 2541 2805 Christo
2572 2760 2712 2806 me-

570 2878 602 2915 »
643 2854 918 2920 deantur
947 2857 1248 2938 exposcit.
1277 2858 1396 2937 (Ad
1419 2875 1517 2921 eos
1543 2858 1655 2939 qui
1686 2858 1754 2920 in
1774 2859 1982 2922 insula
2000 2860 2166 2937 sunt)
2189 2880 2211 2920 .·
2240 2856 2713 2921 Beatitudinem

568 2994 599 3031 ι)
635 2990 793 3037 vero
835 2974 1120 3037 vestram
1146 2972 1470 3054 praecipue
1499 2971 1718 3036 adesse
1760 2973 2087 3053 convenit,
2129 2990 2291 3056 quos
2333 2972 2546 3037 insula
2575 2973 2714 3056 ipsa

565 3108 595 3146 ο
631 3087 814 3152 velut
836 3087 988 3151 sinu
1023 3087 1312 3172 quodam
1336 3086 1667 3169 genitricis
1692 3088 1944 3166 fovenS,
1977 3086 2054 3150 ad
2086 3105 2234 3151 eam
2257 3088 2540 3169 gratiam
2565 3106 2711 3171 quae

566 3224 595 3258 n
629 3202 894 3266 nuncin
923 3201 1106 3266 vobis
1133 3203 1251 3281 est,
1275 3200 1548 3267 Domino
1569 3200 1918 3285 instigante
1942 3201 2265 3283 produxit.
2288 3203 2408 3280 (Ad
2431 3210 2712 3266 sanctum

563 3338 594 3375 ι)
632 3320 950 3382 Rusticum
972 3322 1014 3398 .·)
1040 3322 1131 3383 Ac
1156 3318 1474 3400 praecipue
1517 3317 1847 3381 beatitudo
1872 3318 2085 3381 vestra
2108 3318 2183 3380 ut
2211 3316 2379 3380 adsit
2419 3318 2709 3399 primum

563 3453 596 3490 n
628 3430 1073 3512 deprecamur,
1124 3432 1278 3515 quia
1316 3433 1575 3514 gravior
1611 3433 1961 3496 infirmitas
2016 3432 2377 3497 necessario
2427 3431 2709 3497 medicos

569 3567 604 3607 »
638 3544 1067 3628 peritissimos
1099 3544 1395 3628 inquirit.
1426 3568 1456 3605 ι)
1491 3547 1839 3629 (sirmond,
1867 3548 1913 3611 t.
1950 3552 2001 3627 Ι,
2027 3567 2089 3630 p.
2127 3537 2310 3627 120.)

653 3665 823 3724 Dans
868 3662 960 3726 les
1015 3660 1172 3724 trois
1218 3659 1510 3726 derniers
1560 3661 1811 3741 siecles,
1875 3663 1969 3727 les
2026 3664 2247 3727 lettres
2292 3662 2705 3741 d’indiction,

574 3777 782 3860 quant
824 3793 907 3840 au
955 3775 1356 3859 paragraphe
1385 3777 1686 3842 essentiel
1723 3778 1835 3861 qui
1865 3778 2153 3859 exprime
2188 3779 2247 3841 le
2273 3777 2433 3858 lieu,
2471 3778 2532 3842 le
2553 3780 2708 3859 jour

570 3893 635 3956 et
683 3892 1080 3975 l'obligation
1138 3892 1494 3973 d'assister,
1553 3912 1637 3958 ne
1702 3892 2002 3958 different
2048 3892 2531 3976 generalement
2581 3912 2708 3976 que

571 4005 732 4070 dans
758 4007 853 4071 les
883 4010 1144 4073 termes.
1181 4009 1344 4073 Celle
1370 4007 1461 4072 du
1501 4008 1748 4074 concile
1795 4008 1874 4074 de
1916 4012 2141 4073 Rouen
2172 4008 2250 4072 de
2297 4016 2471 4087 1581,
2519 4006 2708 4090 apres

569 4121 850 4186 diverses
875 4121 1381 4189 considerations
1411 4143 1528 4188 sur
1547 4123 1803 4188 l’utilite
1825 4124 1934 4188 des
1956 4124 2232 4189 conciles
2260 4124 2705 4206 provinciaux,

568 4236 878 4303 continue
907 4238 1116 4303 ainsi:
1165 4261 1197 4299 α
1233 4239 1510 4304 Accessit
1551 4238 2011 4321 gravissimum
2046 4238 2336 4321 quidem,
2366 4238 2476 4302 sed
2515 4238 2707 4303 nobis

569 4377 600 4413 ι)
637 4352 1122 4435 gratissimum,
1170 4353 1560 4419 sanctissimi
1612 4352 1861 4417 domini
1920 4353 2124 4417 nostri
2186 4371 2363 4436 papae
2413 4352 2706 4436 Gregorii

566 4491 601 4530 >2
637 4466 955 4549 pontificis
982 4468 1249 4533 maximi
1278 4468 1641 4551 judicium,
1673 4468 1785 4553 qui
1814 4484 1931 4532 nos
1959 4467 2040 4531 ad
2077 4469 2253 4534 illius
2281 4467 2509 4551 synodi
2537 4467 2706 4532 cele-
