3038 5623
468 655 507 672 Q

641 745 1081 806 OPFERATIONS
1133 756 1232 803 Du
1285 754 1585 802 coucam
1638 755 1881 821 pamm,
1927 756 2079 802 mc.
2285 738 2423 806 445

301 901 512 964 vants.
541 902 958 984 L'obligation
981 920 1021 984 y
1051 902 1144 965 est
1170 896 1460 963 declaree
1484 898 1929 977 permanente,
1961 898 2320 963 seulement
2345 915 2429 963 en

300 1034 370 1079 ce
405 1034 552 1080 sens
576 1036 703 1099 que
728 1017 979 1101 chaque
1003 1017 1257 1098 Eveque
1273 1012 1762 1094 etArcheveque
1782 1012 1914 1077 doit
1928 1032 2011 1077 en
2030 1014 2188 1079 faire
2207 1017 2435 1078 autaut

300 1149 432 1196 une
461 1133 579 1196 fois
603 1152 768 1215 pour
782 1135 986 1198 toutes
1006 1133 1240 1196 dansle
1262 1129 1546 1212 premier
1556 1129 1795 1193 concile
1817 1129 2171 1210 provincial
2194 1132 2434 1213 auquel

306 1246 352 1310 il
371 1248 687 1312 assistera.

382 1366 467 1425 Le
489 1363 734 1426 concile
763 1362 842 1427 de
870 1364 1126 1441 Trente,
1160 1380 1244 1426 en
1278 1362 1652 1425 ordonnant
1678 1361 1839 1424 cctte
1866 1361 2216 1442 profession
2240 1360 2318 1425 de
2349 1359 2431 1425 foi

298 1479 363 1542 et
388 1479 548 1541 cette
576 1496 900 1558 promesse
926 1477 1356 1541 d'obeissance
1388 1494 1471 1540 au
1503 1475 1927 1557 Saint-Siege,
1947 1476 2183 1539 n'avait
2204 1494 2433 1557 cepen-

306 1592 465 1656 dant
491 1592 713 1675 redIge
735 1593 804 1656 ni
836 1593 1102 1674 prescrit
1124 1610 1376 1656 aucune
1407 1591 1686 1655 formule
1715 1591 2130 1654 determinee.
2163 1596 2243 1655 Le
2276 1609 2435 1673 pape

311 1708 413 1773 Pie
436 1713 518 1772 IV
539 1726 582 1789 y
613 1707 872 1788 supplea
896 1726 1010 1788 par
1027 1709 1117 1771 les
1139 1706 1307 1771 deux
1337 1707 1546 1770 bulles
1574 1709 1654 1770 In
1673 1715 2069 1770 sacrosancta
2097 1708 2162 1770 et
2181 1708 2435 1788 Injunc-

307 1832 442 1886 tum
468 1823 664 1887 nobis.
697 1823 857 1886 C'est
886 1822 964 1887 de
1010 1824 1073 1886 la
1102 1821 1427 1899 derniere,
1465 1821 1554 1896 du
1601 1829 1675 1883 15
1706 1823 2059 1886 novembre
2091 1829 2271 1900 1564,
2313 1840 2436 1904 que

303 1958 470 2003 nous
488 1939 921 2003 transcrivons
936 1940 1028 2002 les
1048 1956 1241 2019 peges
1265 1938 1620 2002 suivantes:
1636 1960 1665 1996 «
1683 1941 1843 2000 Cum
1864 1936 2079 2019 itaque
2100 1939 2287 2017 ‚iuxta
2301 1938 2438 2000 Tri·

304 2054 558 2117 dentini
583 2053 1086 2135 dispositionem,
1112 2071 1336 2117 omnes
1362 2070 1524 2135 quos
1554 2052 1848 2133 deinceps
1875 2051 2347 2116 cathedralibus
2374 2053 2439 2117 et

303 2170 740 2250 superioribus
763 2168 1042 2232 ecclesiis
1061 2168 1321 2249 praefici,
1337 2169 1442 2232 vel
1463 2169 1703 2249 quibus
1726 2168 1804 2232 de
1823 2167 2083 2230 illarum
2111 2167 2438 2249 dignitati·

300 2285 448 2363 bUS,
462 2283 943 2347 canonicatibus
960 2285 1022 2347 et
1039 2284 1181 2347 aliis
1194 2282 1715 2365 quibuscumque
1733 2282 2061 2345 beneficiis
2073 2282 2440 2346 ecclesiasti-

297 2400 393 2463 cis
417 2415 645 2461 curam
671 2400 1046 2462 animarum
1079 2397 1467 2461 habentibus
1501 2396 1821 2479 provideri
1848 2396 2199 2477 continget,
2230 2397 2443 2477 publi·

296 2531 448 2577 cam
477 2512 837 2577 orthodoxae
864 2513 1013 2577 fidei
1044 2512 1505 2594 professionem
1537 2512 1767 2589 facere,
1800 2530 1993 2594 seque
2022 2511 2092 2574 in
2136 2517 2438 2577 Romanae

296 2628 602 2693 Ecclesiae
629 2628 991 2693 obedientia
1021 2646 1475 2709 permansuros
1506 2628 1819 2708 spondero
1841 2630 1906 2692 et
1918 2630 2141 2709 jurare
2170 2631 2439 2694 tenean-

295 2746 523 2824 tur3...
545 2742 624 2805 ad
653 2742 774 2807 hoc
797 2745 872 2806 ut
894 2743 1092 2806 unius
1112 2742 1404 2825 ejusdem
1429 2743 1576 2806 fidei
1598 2742 1900 2824 professio
1924 2743 2338 2808 uniformiter
2359 2747 2441 2808 ab

295 2859 612 2924 omnibus
635 2858 1035 2937 exhibeatur,
1051 2859 1369 2941 unicaque
1391 2859 1454 2921 et
1473 2861 1644 2922 certa
1664 2859 1837 2923 illius
1855 2860 2062 2923 forma
2079 2862 2323 2925 cunctis
2342 2862 2442 2925 in-

290 2976 611 3052 notescat,
638 2976 868 3038 nostrae
892 2974 1339 3038 sollicitudinis
1362 2976 1567 3056 partes
1590 2974 1658 3037 in
1690 2973 1808 3038 hoc
1826 2975 2018 3039 alicui
2044 2977 2314 3042 minime
2335 2976 2440 3042 de-

290 3090 600 3168 siderari,
625 3089 904 3153 formam
927 3089 1137 3170 ipsam
1158 3089 1579 3170 praesentibus
1603 3089 1995 3168 adnotatam,
2017 3091 2349 3171 publicari,
2374 3094 2439 3157 et

290 3205 551 3286 ubique
588 3205 879 3286 gentium
907 3223 1021 3285 per
1047 3222 1155 3267 eos
1185 3205 1269 3267 ad
1298 3222 1448 3285 quos
1475 3223 1557 3267 ea:
1584 3203 1837 3268 decretis
1867 3206 2059 3286 ipsius
2095 3207 2341 3269 concilii
2374 3209 2437 3271 et

289 3321 469 3386 alios
496 3320 826 3401 praedictos
856 3319 1095 3400 spectat
1118 3319 1315 3400 recipi
1352 3321 1414 3383 et
1441 3320 1794 3398 observari,
1827 3338 1901 3384 ac
1942 3322 2062 3384 sub
2090 3323 2295 3402 poenis
2322 3341 2439 3404 per

284 3435 658 3501 concilium
682 3434 896 3515 ipsum
925 3434 996 3497 in
1025 3433 1585 3498 controvenientes
1619 3435 1791 3513 latis,
1815 3437 1996 3517 juxta
2020 3435 2188 3501 hanc
2215 3440 2279 3501 et
2306 3457 2441 3502 non

282 3552 507 3617 aliam
534 3552 814 3614 formam
835 3550 1293 3631 professionem
1317 3549 1685 3631 praedictam
1709 3553 2078 3616 solemniter
2099 3553 2263 3632 fieri,
2294 3573 2443 3619 auc-

280 3665 564 3730 toritate
583 3664 1024 3746 praesentium,
1037 3664 1316 3729 districte
1341 3665 1766 3746 praecipiendo
1783 3666 2189 3745 mandamuS,
2216 3667 2329 3748 huj
2336 3687 2445 3733 us-

279 3779 490 3845 modi
512 3779 634 3842 sub
663 3781 883 3843 tenore
909 3798 926 3841 ε
949 3784 1078 3861 Ego
1091 3783 1164 3842 N.
1184 3780 1375 3842 firma
1398 3779 1524 3842 fide
1548 3780 1759 3859 credo,
1782 3782 1845 3843 et
1872 3781 2171 3861 profiteor
2196 3783 2441 3862 omnia,

272 3899 365 3964 et
393 3895 653 3977 singula
674 3913 818 3976 quae
838 3895 1258 3959 continentur
1277 3894 1346 3956 in
1367 3895 1658 3976 symbolo
1685 3894 1859 3973 fidei,
1881 3913 2008 3977 quo
2033 3899 2093 3958 S.
2123 3901 2195 3961 R.
2225 3901 2294 3960 E.
2322 3900 2446 3961 uti-

271 4015 445 4088 tur,
487 4008 807 4086 videlicet,
849 4010 1037 4073 credo
1082 4011 1153 4073 in
1197 4027 1408 4074 unum
1437 4013 1715 4074 Deum...
1763 4010 2069 4091 (symbole
2090 4010 2180 4092 {de
2208 4010 2438 4089 Nicee).

274 4124 709 4208 Apostolicas
728 4125 792 4188 et
811 4125 1276 4189 Ecclesiasticas
1308 4124 1704 4203 traditioneS,
1726 4125 2209 4209 reliquasqueej
2218 4128 2443 4193 usdem

268 4240 607 4311 Ecclesiae
634 4239 1133 4318 observationes,
1157 4240 1221 4303 et
1242 4240 1725 4305 constitutiones
1745 4239 2117 4305 firmissime
2145 4242 2437 4323 admitto,

269 4361 365 4426 et
380 4356 743 4437 amplexor.
756 4355 914 4419 Item
927 4371 1176 4419 sacram
1186 4355 1316 4418 Scri
1323 4356 1579 4437 pturam
1590 4356 1770 4435 Juxta
1783 4373 1937 4419 eum
1950 4373 2234 4436 sensum,
2244 4377 2443 4442 quem

264 4471 526 4541 tenuit
554 4472 624 4536 et
649 4470 828 4535 tenet
872 4471 1090 4535 sancta
1125 4471 1334 4536 mater
1359 4470 1659 4550 Ecclesia,
1706 4472 1894 4554 cujus
1930 4472 2027 4538 est
2050 4472 2336 4555 judicare
2364 4471 2444 4537 de
