3038 5623
654 808 796 880 516
1335 808 1758 887 Qun-mimz
1814 825 2092 874 PAR-rm.

653 989 820 1035 nous
864 969 1069 1033 lisons
1095 986 1199 1033 ees
1236 969 1403 1032 mots
1437 985 1454 1030 :
1495 989 1530 1027 «
1554 971 2005 1048 Quoscumque
2052 971 2343 1032 Romana
2370 965 2646 1030 Ecclesia
2684 963 2776 1027 vel

650 1084 894 1168 singuli
938 1082 1232 1167 Episcopi
1288 1100 1405 1164 per
1457 1082 1759 1147 dioeceses
1811 1099 1959 1146 suas
1998 1100 2153 1146 cum
2204 1082 2479 1146 consilio
2524 1079 2773 1145 clerico·

650 1219 829 1279 rum,
856 1199 962 1263 vel
1001 1197 1215 1263 clerici
1246 1197 1390 1279 ipsi,
1421 1197 1580 1261 Sede
1608 1198 1902 1277 vacante,
1926 1216 2082 1262 cum
2126 1197 2393 1262 oonsilio
2422 1197 2474 1260 si
2502 1197 2779 1277 oportue·

648 1315 737 1381 rit
765 1315 1136 1379 vicinorum
1166 1312 1652 1394 Episcoporum‚
1679 1311 2013 1379 haeretioos
2043 1312 2502 1394 iudicaverint,
2530 1310 2779 1375 vinculo

648 1429 944 1512 perpetui
992 1427 1425 1491 anathematis
1472 1426 1892 1491 innodamus,
1928 1451 1957 1487 n

732 1549 850 1609 Les
877 1557 983 1608 eas
1015 1541 1169 1606 cites
1212 1555 1329 1624 par
1377 1542 1732 1605 Bellarrnin
1779 1543 2064 1624 peuvent
2119 1541 2358 1620 meme,
2402 1560 2475 1606 ce
2527 1540 2781 1616 semble,

648 1661 783 1723 etre
821 1657 1123 1740 regardes
1164 1674 1421 1720 comme
1467 1675 1563 1720 un
1610 1658 1900 1738 exemplo
1926 1656 2136 1738 plutot
2183 1675 2310 1739 que
2355 1674 2614 1721 comme
2664 1671 2782 1718 une

644 1771 1099 1837 enumeration
1129 1771 1486 1854 complete3
1529 1773 1595 1835 et
1625 1773 1767 1835 tant
1812 1790 1939 1855 que
1971 1772 2067 1836 les
2089 1774 2464 1854 jugements
2501 1771 2618 1835 des
2645 1786 2782 1834 oon-

646 1888 799 1953 ciles
829 1885 1244 1967 provinciaux
1292 1904 1376 1951 en
1401 1886 1672 1950 matiere
1696 1885 1775 1950 de
1823 1887 1911 1951 foi
1959 1905 2042 1952 ne
2098 1889 2317 1951 seront
2367 1905 2480 1969 pas
2508 1905 2644 1951 une
2682 1883 2780 1948 de-

649 2002 904 2068 finition
945 2002 1361 2084 proprement
1402 2001 1536 2065 dite
1566 2019 1680 2065 sur
1716 2001 1828 2065 des
1858 2002 2190 2085 questions
2219 2002 2298 2067 de
2329 2002 2593 2084 dogme,
2638 2018 2780 2066 oon-

649 2115 1003 2182 troversees
1025 2118 1209 2182 entre
1237 2117 1329 2181 les
1365 2116 1794 2199 catholiques‚
1825 2134 1991 2180 nous
2033 2135 2116 2181 ne
2158 2134 2404 2200 voyons
2432 2135 2550 2198 pas
2605 2116 2779 2200 qu'on

649 2234 861 2316 puisse
884 2233 1029 2297 leur
1050 2233 1342 2314 objecter
1385 2231 1634 2295 d'avoir
1674 2230 1934 2313 depasse
1962 2233 2107 2296 leur
2132 2230 2567 2314 competenoe.

729 2353 903 2412 Nous
929 2364 1203 2430 croyons
1246 2347 1425 2411 enfin
1478 2345 1698 2410 devoir
1726 2346 1885 2411 citer
1924 2346 2007 2411 ici
2050 2346 2371 2412 l’autorite
2421 2348 2511 2411 du
2558 2346 2782 2412 concile

650 2462 1008 2546 provincial
1034 2461 1113 2525 de
1142 2461 1475 2539 morenae,
1515 2461 1595 2525 de
1639 2468 1818 2524 1517.
1879 2466 2051 2527 Dans
2081 2481 2198 2527 son
2229 2463 2599 2545 quatrieme
2645 2461 2782 2527 cha·

652 2578 844 2661 pitre‚
877 2578 926 2641 il
973 2595 1012 2641 a
1044 2575 1473 2659 precisement
1524 2576 1710 2640 traite
1739 2576 1830 2640 du
1872 2577 2144 2660 pouvoir
2195 2577 2304 2642 des
2333 2578 2613 2661 synodes
2648 2593 2782 2660 pro-

656 2692 983 2770 vinciam,
1017 2694 1173 2771 Quae
1195 2692 1278 2755 sit
1307 2692 1562 2755 concilii
1598 2692 2004 2774 provincialis
2047 2695 2392 2758 auctoritas
2433 2695 2501 2757 in
2521 2702 2787 2758 statuen-

657 2807 763 2885 do,
793 2808 857 2871 et
883 2807 944 2871 le
987 2806 1340 2872 sentiment
1394 2805 1475 2871 de
1522 2807 1685 2872 cette
1714 2806 2068 2873 assemblee
2117 2827 2156 2873 a
2192 2808 2483 2873 d’autant
2520 2810 2676 2892 ‚plus
2722 2805 2788 2872 de

662 2921 870 3005 poids,
902 2940 1028 3006 que
1058 2940 1156 2986 ses
1183 2922 1355 2986 actes
1389 2924 1505 2987 ont
1533 2921 1632 2985 ete
1659 2923 2012 2989 confirmes
2036 2941 2154 3006 par
2201 2925 2374 2988 Leon
2401 2929 2480 2989 Χ.

742 3060 777 3099 α
808 3039 885 3102 Et
906 3056 1058 3101 cum
1102 3037 1176 3101 in
1203 3035 1450 3120 synodo
1492 3039 1892 3120 quaereretur
1932 3038 2013 3103 de
2049 3039 2489 3104 adunatorum
2537 3041 2785 3105 Patmm

663 3153 734 3217 in
766 3151 1106 3218 statuendo
1152 3153 1483 3234 potestate,
1529 3154 1916 3216 conclusum
1956 3155 2054 3219 est
2093 3173 2200 3219 eos
2246 3173 2428 3237 posse
2473 3170 2785 3220 canonum

667 3267 1112 3350 dispositiones
1139 3266 1348 3349 poenis
1382 3267 1774 3350 mutatisque
1828 3268 1962 3333 suis
1996 3271 2255 3351 juvare.
2302 3272 2488 3349 Item,
2545 3273 2613 3336 et
2659 3283 2786 3352 quae

663 3381 864 3445 dubia
894 3382 1133 3445 suntet
1161 3381 1231 3444 in
1260 3380 1601 3447 doctorum
1643 3383 2063 3464 opinionibus
2093 3385 2400 3449 collocata
2423 3385 2506 3450 ad
2534 3387 2786 3451 alteram

663 3498 943 3579 partem,
986 3496 1058 3558 ut
1086 3495 1433 3576 provinciae
1465 3498 1759 3562 moribus
1805 3500 2155 3564 convenire
2203 3501 2556 3583 videretur,
2606 3502 2784 3567 inter·

666 3610 907 3694 pretari
953 3611 1016 3674 et
1042 3609 1368 3675 declarare
1379 3631 1400 3692 3
1450 3612 1541 3675 ita
1595 3614 1813 3677 tamen
1863 3615 1940 3676 ut
1975 3614 2216 3679 scirent
2256 3617 2786 3700 interpretationes

669 3724 1265 3810 declarationesque
1293 3744 1442 3791 suas
1465 3726 1755 3791 subditos
1782 3729 2042 3792 tantum
2084 3730 2378 3813 alligare,
2414 3732 2661 3816 hosque
2682 3724 2785 3793 nisi

666 3860 785 3925 per
807 3841 1035 3906 Sedem
1065 3842 1476 3924 apostolicam
1517 3843 1708 3907 aliter
1744 3843 2142 3909 declaratum
2167 3849 2281 3910 aut
2315 3846 2786 3930 interpretatum

675 3956 895 4021 fuerit.
956 3957 1199 4021 Sanctae
1248 3957 1490 4020 etenim
1535 3958 1729 4042 atque
1770 3960 2128 4041 apostolicae
2171 3962 2350 4027 Sedis
2377 3963 2696 4044 iudicium
2732 3957 2789 4021 in

676 4072 1007 4152 omnibus,
1036 4073 1204 4136 sicut
1238 4070 1441 4152 decet,
1470 4074 1760 4156 praeponi
1785 4093 2040 4156 semper
2065 4077 2299 4159 voluit3
2332 4079 2397 4142 et
2425 4080 2638 4160 aperte
2664 4091 2787 4158 pro-

672 4186 904 4250 testata
957 4188 1052 4252 est
1092 4188 1223 4251 tota
1266 4188 1554 4270 synodus
1603 4207 1829 4254 omnes
1885 4190 2238 4256 decisiones
2257 4241 2279 4272 ,
2331 4192 2779 4259 declarationes

676 4300 1243 4386 ordinationesque
1285 4320 1436 4368 suas
1496 4305 1732 4368 sanetae
1777 4306 1998 4372 Matris
2063 4308 2357 4373 Eoolesiae
2404 4311 2470 4373 et
2512 4313 2574 4374 S.
2606 4314 2675 4374 D.
2718 4305 2780 4368 N.

677 4415 946 4501 judicio,
985 4416 1348 4482 auctoritati
1375 4420 1439 4483 et
1464 4420 1846 4485 correctioni
1875 4421 2189 4503 subjicere
2223 4424 2288 4487 et
2328 4425 2644 4506 subjectas
2668 4434 2783 4487 esse
