3038 5623
62 968 65 1051 i

563 835 951 882 PERsoNNEs
998 833 1423 882 compostum·
1481 836 1569 880 uz
1617 833 1941 899 conclu,
1998 837 2150 886 mc,
2289 818 2424 889 167

298 980 554 1044 »ticum
591 977 982 1060 pertinentes
1030 977 1101 1040 in
1159 977 1449 1058 partibus
1497 976 1870 1059 delegandae
1911 979 2421 1046 committantur.

295 1117 330 1157 »
356 1096 447 1174 Et,
473 1095 522 1159 si
545 1093 830 1177 aliquem
867 1092 1134 1157 interim
1162 1111 1239 1157 ex
1266 1091 1627 1173 designatis
1671 1093 1838 1156 mori
1877 1067 2242 1177 contigerit,
2278 1097 2430 1159 sub·

293 1233 324 1271 n
358 1211 569 1275 stituat
589 1209 969 1274 ordinarius
996 1208 1146 1287 loci,
1165 1226 1321 1272 cum
1343 1207 1616 1272 consilio
1639 1207 1929 1289 capituli,
1954 1209 2158 1273 alium
2183 1210 2253 1274 in
2278 1213 2425 1292 ejus

289 1347 321 1386 n
356 1326 566 1390 locum
605 1343 811 1407 usque
858 1323 939 1387 ad
986 1324 1280 1387 suturam
1324 1324 1798 1404 provincialem
1841 1325 1955 1388 aut
1992 1323 2426 1389 dioecesanam

290 1463 322 1501 n
357 1441 714 1524 synodum:
741 1441 832 1504 ita
857 1441 934 1503 ut
963 1440 1198 1504 habeat
1238 1457 1512 1523 quaeque
1563 1439 1852 1505 dioecesis
1880 1442 2163 1523 quatuor
2199 1442 2428 1506 saltem

286 1578 316 1616 ι)
346 1558 456 1620 aut
494 1556 694 1620 etiam
737 1556 957 1637 plures
999 1556 1299 1636 probatas
1329 1573 1672 1637 personas,
1721 1573 1796 1620 ac
1822 1557 1896 1618 ut
1939 1574 2134 1638 supra
2174 1557 2425 1640 qualifi-

291 1693 322 1731 »
351 1673 539 1749 cataS,
566 1672 802 1754 quibus
826 1669 1205 1752 hujusmodi
1231 1688 1441 1735 causae
1468 1688 1507 1734 a
1530 1671 1820 1753 quolibet
1846 1674 2099 1754 Legato,
2126 1673 2229 1737 vel
2258 1677 2430 1738 Nun-

286 1808 315 1845 »
350 1786 460 1866 tio,
487 1789 679 1870 atque
702 1786 901 1851 etiam
924 1804 962 1851 a
986 1787 1143 1852 Sede
1169 1787 1515 1868 apostolica
1564 1787 2081 1851 committantur.
2114 1788 2420 1871 Alioquin

284 1925 313 1959 ι
348 1903 484 1984 post
508 1902 1023 1984 designationem
1053 1903 1314 1982 factam,
1346 1920 1547 1985 quam
1574 1902 1791 1966 statim
1813 1902 2101 1984 Episcopi
2126 1902 2205 1966 ad
2242 1920 2419 1967 sum-

285 2040 316 2078 »
349 2036 536 2082 mum
584 2022 956 2082 Romanum
1009 2018 1388 2083 Pontificem
1445 2018 1933 2096 transmittant,
1989 2017 2418 2101 delegationes

284 2155 315 2193 ›>
348 2151 775 2217 quaecumque
806 2133 1085 2198 aliorum
1112 2133 1438 2215 judicum,
1464 2135 1610 2198 aliis
1649 2153 1852 2217 quam
1894 2134 1998 2198 his
2042 2134 2247 2212 factae,
2280 2152 2421 2199 sur-

282 2270 316 2312 »
345 2251 615 2332 reptitiae
641 2251 1053 2316 censeantur.
1086 2275 1117 2310 n

359 2367 408 2431 Π
444 2368 539 2431 est
569 2366 608 2430 a
645 2367 985 2447 presumer
1032 2385 1161 2449 que
1184 2384 1256 2430 ce
1303 2366 1519 2430 decret
1547 2383 1706 2430 aura
1743 2365 1841 2430 ete
1868 2365 1994 2429 mis
2021 2364 2059 2428 a
2088 2364 2421 2429 execution

283 2499 396 2563 par
425 2483 518 2547 les
555 2482 769 2546 divers
813 2482 1084 2564 synodes
1113 2484 1306 2547 tenus
1343 2500 1426 2546 en
1456 2487 1699 2547 France
1722 2482 1949 2563 depuis
1984 2481 2047 2546 le
2075 2480 2316 2546 concile
2338 2479 2418 2545 de

281 2599 549 2679 Trente3
584 2600 649 2663 et
689 2616 857 2663 nous
886 2618 969 2664 ne
996 2616 1243 2682 voyons
1271 2616 1387 2680 pas
1428 2599 1675 2682 quelles
1716 2599 1966 2664 raisons
1999 2615 2086 2663 on
2128 2597 2421 2680 pourrait

283 2714 457 2778 avoir
483 2712 902 2796 aujourd’hui
924 2712 1005 2780 de
1028 2732 1112 2779 ne
1142 2732 1257 2796 pas
1282 2716 1376 2798 s’y
1403 2715 1794 2780 conformer.
