3038 5623
664 763 801 833 106
1367 763 1743 829 pannem:
1798 780 2078 829 mann.

650 948 681 986 n
719 926 1044 1009 uagantes
1085 924 1501 1003 habentium,
1547 923 1969 1006 provincialia
2016 922 2288 988 concilia
2334 942 2593 1007 cogere,
2644 942 2777 1008 quoe

653 1064 689 1103 »
720 1043 955 1107 merito
981 1043 1444 1124 Episcoporum
1493 1040 1851 1105 conventus
1898 1041 2328 1122 appellantur,
2376 1041 2779 1105 decernimus

656 1180 687 1217 n
723 1157 962 1222 idcirco
989 1160 1055 1223 et
1082 1175 1159 1221 ex
1197 1157 1454 1222 concilii
1492 1154 1856 1221 Tridentini
1894 1159 2112 1222 mente
2147 1156 2579 1236 declaramus,
2620 1155 2781 1220 nulli

655 1295 687 1334 n
723 1273 978 1338 licuisse
1007 1291 1127 1338 nec
1151 1273 1345 1338 licere
1370 1272 1865 1355 Archiepiscopo
1891 1272 2006 1356 qui
2029 1273 2359 1354 provincia
2378 1275 2444 1337 et
2468 1271 2781 1355 Episcopis

653 1409 688 1450 »2
719 1391 934 1453 careat
973 1389 1420 1471 suffraganeiS,
1469 1389 1593 1453 sub
1645 1390 1953 1471 proetextu
2000 1404 2260 1472 quoque
2303 1387 2480 1472 quod
2526 1389 2783 1453 abbates

652 1526 684 1563 ι)
723 1503 938 1568 adsint
976 1503 1047 1568 in
1077 1507 1217 1587 ejus
1244 1504 1500 1570 dioecesi
1535 1504 1809 1587 exempti
1836 1522 1991 1570 cum
2028 1503 2348 1569 territorio
2388 1506 2683 1586 separato
2725 1505 2785 1567 et

651 1641 684 1680 υ
713 1620 1237 1703 jurisdictionem
1282 1621 1466 1704 quasi
1515 1620 1941 1702 episcopalem
1989 1620 2298 1685 babentes
2318 1666 2339 1698 ,
2396 1620 2784 1701 provinciale

654 1761 686 1798 »
722 1738 1071 1803 concilium
1099 1738 1249 1801 solis
1291 1756 1446 1801 cum
1488 1737 1720 1802 iisdem
1750 1737 2089 1802 abbatibus
2120 1737 2443 1802 celebrare
2475 1756 2493 1800 ε
2526 1735 2783 1819 quodsi

652 1877 687 1915 »
719 1855 962 1933 fecerit,
987 1873 1116 1918 non
1136 1854 1621 1936 provincialem,
1646 1854 1756 1917 sed
1777 1852 2206 1918 dioecesanam
2231 1853 2445 1936 potius
2467 1853 2788 1934 synodum

654 1994 684 2029 »
723 1969 1229 2052 nuncupandam
1247 1969 1383 2034 fore
1402 1988 1741 2034 censemus
1752 1990 1773 2051 ;
1800 1988 1874 2034 ac
1890 1968 2160 2050 proinde
2181 1987 2300 2034 nec
2316 1969 2512 2033 talem
2527 1967 2791 2034 Archie-

656 2107 686 2145 ι)
725 2086 1084 2168 piscopum,
1110 2086 1191 2151 ad
1220 2085 1670 2150 Tridentinam
1697 2087 1993 2167 utsupra
2032 2085 2432 2151 sanctionem
2463 2100 2790 2168 exequen-

655 2222 685 2260 ι)
721 2201 897 2280 dam,
928 2201 997 2265 in
1028 2201 1590 2286 Metropolitanum
1611 2203 1693 2285 ab
1720 2201 2031 2282 exemptis
2057 2201 2213 2283 ipsis
2239 2201 2389 2284 eligi
2422 2219 2604 2282 posse
2630 2199 2792 2264 defi-

658 2342 688 2377 »
725 2317 947 2382 nimus
981 2320 1084 2399 (1).
1121 2340 1152 2378 »

724 2593 946 2655 (1)Titre
969 2596 1019 2655 9,
1042 2592 1190 2656 chap.
1213 2595 1262 2644 2.
1284 2592 1463 2658 Coleti,
1484 2597 1526 2643 t.
1550 2592 1672 2652 xxl‚
1694 2607 1744 2657 p.
1775 2596 1915 2646 1867.
