3038 5623
616 782 759 851 244
1327 781 1715 847 'rnorsriffln
1766 800 2044 848 PAR‘rnz.

613 967 647 1004 a
680 942 1019 1009 indicaret.
1055 946 1194 1020 Qua
1219 941 1299 1006 de
1328 960 1423 1020 re,
1453 941 1655 1006 frater
1681 940 2042 1019 carissime,
2075 958 2495 1017 monemus...
2529 942 2610 1006 ad
2638 961 2742 1008 nos

614 1081 646 1118 ι»
680 1061 814 1123 tam
844 1059 973 1121 tuae
1005 1056 1364 1122 dilectionis
1390 1075 1591 1140 quam
1619 1058 1903 1121 fratrum
1932 1058 2384 1121 nostrorum...
2432 1059 2743 1140 subscrip-

611 1197 643 1234 n
673 1177 809 1238 tam
828 1191 1157 1238 manuum
1175 1173 1544 1237 vestrarum
1562 1172 1947 1237 relationem
1970 1173 2453 1254 transmittatis,
2483 1176 2563 1236 ut
2583 1174 2742 1257 quod

616 1312 648 1348 υ
676 1287 948 1353 definire
979 1286 1298 1368 possimus
1329 1289 1687 1352 recurrenti
1719 1288 1956 1369 pagina
1985 1288 2236 1369 possitis
2266 1306 2678 1370 agnoscere.»

692 1409 776 1469 Le
818 1403 1035 1467 meme
1076 1408 1242 1482 Pape
1257 1450 1279 1480 ,
1323 1400 1485 1465 dans
1527 1420 1598 1466 sa
1633 1403 1817 1467 lettre
1860 1420 1986 1467 aux
2022 1402 2313 1485 Eveques
2353 1402 2464 1467 des
2502 1407 2742 1482 Gaules,

617 1517 805 1600 apres
835 1518 979 1581 leur
1013 1516 1194 1580 avoir
1224 1515 1684 1580 recommande
1712 1515 1792 1580 dc
1820 1517 1997 1581 tenir
2023 1518 2166 1580 tous
2193 1518 2287 1581 les
2323 1535 2439 1581 ans
2475 1535 2571 1580 un
2606 1536 2746 1582 con-

611 1633 758 1709 cile,
796 1654 826 1692 a
847 1649 962 1712 per
988 1647 1196 1694 annos
1223 1630 1516 1712 singulos
1543 1649 1620 1694 ex
1648 1631 1997 1711 provinciis
2025 1631 2265 1714 quibus
2293 1631 2576 1712 potuerit
2605 1649 2747 1696 con-

615 1745 871 1831 gregari
909 1745 1226 1809 habeatur
1264 1744 1618 1826 episcopale
1664 1746 2050 1825 concilium,
2071 1770 2100 1805 »
2156 1745 2433 1810 termine
2474 1745 2645 1809 ainsi
2684 1765 2747 1810 ce

617 1861 1058 1945 paragraphe:
1094 1881 1129 1919 «
1147 1865 1219 1925 In
1248 1859 1635 1924 dirimendis
1663 1878 1817 1925 sane
1846 1859 2251 1942 gravioribus
2278 1859 2489 1924 causis
2518 1863 2585 1925 et
2612 1879 2746 1943 quae

619 1999 650 2037 n
683 1978 814 2041 illic
855 1994 989 2039 non
1030 1975 1360 2057 potuerint
1401 1974 1768 2054 terminari,
1811 1974 2171 2056 apostolica)
2218 1973 2392 2038 Sedis
2438 1975 2747 2039 sententia

613 2115 647 2151 n
678 2093 1074 2156 consulatur.
1097 2112 1128 2149 ›>
1169 2090 1525 2169 (sirmond,
1555 2092 1604 2154 t.
1635 2096 1683 2168 1,
1715 2109 1875 2172 page
1901 2094 2066 2169 130.)

691 2211 861 2271 Dans
903 2223 1035 2270 une
1086 2206 1270 2269 autre
1310 2204 1496 2269 lettre
1539 2204 1580 2268 a
1621 2204 1862 2269 Leonce
1874 2250 1897 2283 ,
1937 2204 2339 2289 archeveque
2384 2205 2654 2285 d’ArleS,
2691 2207 2746 2269 le

619 2320 837 2386 meme
869 2326 1036 2402 Pape
1072 2319 1408 2402 s'exprime
1445 2319 1654 2383 ainsi:

701 2458 732 2496 α
750 2435 1036 2512 Qualiter
1071 2435 1296 2499 contra
1331 2433 1509 2499 Sedis
1548 2435 1907 2516 apostolicae
1938 2436 2207 2500 veniens
2241 2437 2613 2516 constituta,
2652 2453 2741 2500 sa-

613 2572 645 2610 »
678 2549 1065 2614 cerdotalem
1103 2548 1482 2612 modestiam
1507 2551 1863 2613 Mamertus
1885 2550 2217 2632 episcopus
2236 2551 2623 2615 Viennensis
2655 2568 2746 2614 ex-

613 2685 645 2723 »
676 2663 967 2742 cesserit,
999 2663 1358 2727 dilectionis
1386 2666 1517 2727 tuae
1546 2663 1892 2728 debuimus
1923 2664 2234 2729 relatione
2271 2683 2742 2747 cognoscere...

614 2801 647 2840 ι)
680 2777 1000 2862 Quidquid
1047 2795 1227 2842 nunc
1278 2776 1358 2841 ad
1407 2777 1704 2843 notitiam
1752 2779 2044 2844 nostram
2092 2779 2274 2844 brevi
2319 2779 2745 2843 insinuatione

615 2918 648 2956 ι)
680 2895 972 2959 delatum
1000 2895 1119 2972 est,
1154 2893 1226 2956 in
1254 2896 1581 2958 conventu
1609 2894 1934 2976 synodali,
1973 2894 2090 2977 qui
2128 2892 2489 2959 secundum
2519 2895 2745 2957 statuta

614 3032 647 3070 ι)
680 3011 900 3074 nostra
926 3008 1118 3073 annis
1147 3007 1420 3089 singulis
1446 3010 1509 3072 te
1540 3008 1927 3089 praesidente
1955 3011 2049 3073 est
2074 3007 2595 3090 congregandus,
2625 3007 2747 3070 dis·

614 3147 647 3184 ›)
679 3126 894 3189 cutere
920 3141 1066 3207 qua}
1103 3126 1259 3187 sunt
1290 3124 1431 3187 acta
1457 3122 1742 3201 debebiS‚
1773 3125 1837 3187 et
1862 3141 1900 3187 a
1928 3123 2230 3204 praedicto
2259 3123 2578 3187 rationem
2607 3123 2749 3187 facti

610 3261 642 3299 12
676 3238 779 3303 sui
811 3239 932 3301 sub
960 3236 1266 3301 universo
1298 3238 1466 3301 coetu
1492 3238 1915 3302 fraternitatis
1942 3238 2218 3320 exigere,
2248 3255 2323 3301 ac
2348 3237 2582 3302 deinde
2612 3256 2749 3302 om-

612 3353 868 3415 »nium
898 3352 1126 3415 litteris
1155 3352 1390 3414 nostrae
1420 3327 1725 3416 intimare
1756 3353 2040 3433 notitiae3
2074 3355 2149 3415 ut
2170 3352 2342 3435 quod
2372 3356 2601 3417 Sancto
2619 3352 2753 3434 Spi-

613 3488 646 3526 »
676 3466 811 3529 ritu
839 3464 1117 3529 dictante
1146 3466 1241 3529 est
1265 3465 1718 3531 faciendum...
1754 3467 2157 3531 ordinemus.
2175 3487 2211 3528 »

693 3580 843 3642 L'an
875 3586 1016 3658 495,
1047 3579 1106 3641 le
1137 3596 1294 3659 pape
1324 3579 1569 3658 Gelase,
1599 3581 1762 3646 dans
1794 3600 1863 3646 sa
1890 3583 2076 3647 lettre
2109 3582 2195 3646 ad
2215 3582 2551 3645 Dardanos
2567 3602 2594 3644 .·

699 3696 888 3757 «Non
922 3692 1263 3756 reticemus
1300 3695 1522 3758 autem
1558 3696 1762 3777 (quod
1794 3699 2025 3760 cuncta
2058 3715 2175 3777 per
2211 3697 2540 3760 mundum
2575 3695 2757 3761 novit

617 3833 648 3866 ω
680 3807 986 3885 Ecclesia)
1019 3808 1363 3889 quoniam,
1401 3811 1849 3890 quorumlibet
1881 3812 2219 3877 sententiis
2254 3812 2453 3893 ligata
2483 3812 2755 3876 Pontifi-

623 3945 655 3981 »
686 3941 864 4001 cum,
891 3921 1082 3986 Sedes
1111 3926 1181 3985 B.
1213 3921 1383 3985 Petri
1416 3924 1685 4004 apostoli
1708 3926 1821 4005 jus
1850 3925 2085 3989 habeat
2114 3926 2501 4004 resolvendi,
2536 3927 2760 4008 utpote

615 4058 647 4095 υ
678 4036 849 4119 quod
890 4034 968 4099 de
1010 4035 1192 4099 omni
1237 4036 1504 4099 ecclesia
1540 4038 1636 4101 fas
1672 4039 1903 4103 habeat
1933 4039 2302 4120 judicandi,
2347 4058 2564 4122 neque
2607 4040 2760 4104 cui-

615 4172 647 4209 »
681 4167 880 4231 quam
901 4149 980 4213 de
1005 4151 1146 4229 eius
1169 4149 1359 4213 liceat
1373 4151 1668 4231 judicare
1686 4153 1949 4233 jndiciO.
1979 4154 2043 4218 Si
2066 4153 2335 4237 quidem
2357 4154 2438 4217 ad
2465 4155 2654 4218 illam
2681 4154 2766 4218 de

612 4286 644 4323 ι)
676 4264 965 4346 qualibet
994 4263 1226 4327 mundi
1254 4267 1435 4345 parte
1463 4283 1747 4331 canones
1783 4268 2089 4349 appellari
2117 4269 2491 4347 voluerunt,
2531 4270 2617 4331 ab
2646 4269 2769 4332 illa

626 4399 659 4437 »
693 4377 910 4441 autem
933 4394 1127 4441 nemo
1154 4377 1238 4441 sit
1258 4380 1579 4460 appellare
1600 4381 2031 4461 permissus..
2059 4381 2178 4447 Sed
2198 4400 2318 4446 nec
2343 4382 2455 4445 illa
2475 4381 2772 4463 praeteri-

633 4517 663 4553 »
696 4508 848 4557 mus
896 4492 1068 4574 quod
1114 4493 1457 4574 apostolica
1517 4494 1711 4561 Sedes
1769 4496 2168 4579 frequenter,
2212 4497 2287 4560 ut
2335 4495 2586 4560 dictum
2635 4496 2773 4572 est,
