3038 5623
402 851 708 898 con-clm
746 838 979 897 Ῥιιον.
1025 850 1166 896 PAR
1197 848 1521 895 Rumon-1·
1553 847 1650 894 An
1684 832 2170 896 snm-sutori.
2277 827 2419 899 225

279 1016 308 1054 >J
339 994 516 1057 extra
544 992 716 1056 hanc
740 991 1015 1056 domum
1040 1008 1288 1074 agnum
1317 988 1690 1068 comederit,
1720 991 2027 1070 profanus
2046 992 2162 1054 est.
2188 990 2250 1055 Si
2274 991 2424 1074 quis

278 1131 309 1168 n
336 1112 400 1171 in
418 1126 570 1171 arca
587 1112 720 1171 Noe
734 1125 868 1170 non
888 1106 1107 1182 fuerit,
1131 1106 1363 1187 peribit
1384 1107 1702 1187 regnante
1722 1105 2044 1170 diluvio...
2063 1106 2290 1169 Trium
2311 1107 2428 1188 hy-

280 1247 309 1284 »
336 1226 675 1306 postaseon
699 1224 781 1286 ab
806 1223 1201 1287 Arianorum
1219 1222 1494 1285 Praesule
1514 1221 1580 1285 et
1604 1220 2060 1302 campensibus
2088 1223 2426 1287 novellum

278 1363 307 1400 »
339 1359 376 1403 a
399 1358 507 1403 me
537 1338 812 1404 homine
835 1356 1110 1402 romano
1146 1355 1390 1401 nomen
1426 1335 1779 1417 exigitur...
1824 1336 2177 1412 Decernite,
2216 1338 2269 1400 si
2298 1339 2426 1419 pla-

281 1476 310 1514 »
341 1456 439 1518 cet
459 1455 729 1518 obsecro
762 1473 779 1516 :
808 1471 939 1516 non
965 1454 1210 1517 timebo
1232 1455 1362 1516 tres
1382 1451 1751 1534 hypostases
1774 1450 1984 1515 dicere
2010 1452 2061 1515 si
2101 1453 2421 1532 jubetis...

278 1592 309 1629 n
344 1570 781 1647 Quamobrem
812 1544 1097 1633 obtestor
1123 1567 1599 1633 Beatitudinem
1624 1570 1805 1629 tuam
1830 1585 1945 1647 per
1960 1569 2420 1635 crucifixum...

279 1706 311 1745 »
337 1685 399 1748 et
424 1684 598 1747 mihi
618 1684 904 1764 epistolis
921 1683 1051 1746 tuis
1081 1683 1215 1747 sive
1237 1682 1662 1746 tacendarum
1687 1682 1819 1746 sive
1847 1681 2269 1748 dicendarum
2297 1685 2422 1768 hy-

279 1822 308 1860 »
335 1804 678 1882 postaseon
708 1800 898 1863 detur
920 1799 1287 1863 auctoritas,
1317 1820 1349 1858 ›>

355 1920 447 1979 En
478 1916 825 1980 attendant
845 1916 908 1979 la
931 1914 1203 1995 reponse
1223 1914 1311 1977 du
1327 1914 1574 1979 Pontife
1598 1913 1878 1994 romain,
1904 1915 1952 1978 il
1976 1914 2273 1996 repondit
2301 1934 2428 1980 aux

281 2032 502 2095 Ariens
545 2031 712 2114 qu'il
752 2030 907 2093 etait
948 2048 1104 2093 avec
1141 2047 1302 2093 ceux
1340 2030 1453 2111 qui
1500 2029 1741 2094 etaient
1781 2048 1934 2094 avec
1978 2031 2040 2093 la
2080 2031 2301 2094 chaire
2347 2031 2427 2097 de

280 2147 527 2211 Pierre:
573 2151 760 2228 «Ego
796 2146 1062 2209 interim
1090 2146 1351 2210 clamito
1387 2145 1440 2209 si
1470 2146 1620 2227 quis
1654 2146 1976 2209 cathedrae
2005 2146 2173 2209 Petri
2195 2146 2425 2228 jungi-

278 2283 308 2320 »
334 2264 466 2340 tur,
501 2280 693 2324 meus
723 2262 839 2326 est.
858 2283 887 2319 υ
925 2254 1196 2342 (Epitres
1224 2270 1302 2323 25
1331 2262 1395 2325 et
1424 2268 1500 2324 26
1533 2279 1619 2324 au
1647 2278 1809 2341 pape
1841 2263 2159 2339 Damase.)

350 2378 738 2441 L'historien
761 2378 1014 2440 Socrate
1035 2378 1331 2458 rapporte
1356 2376 1521 2439 ainsi
1547 2377 1879 2439 comment
1900 2376 1962 2439 le
1983 2394 2145 2457 pape
2164 2380 2199 2440 J
2206 2377 2339 2441 ules
2357 2383 2428 2442 1²¹³

276 2492 567 2574 repondit
595 2511 681 2556 en
713 2493 831 2554 342
860 2510 986 2555 aux
1013 2491 1306 2574 Eveques
1343 2491 1432 2553 du
1460 2490 1705 2554 concile
1733 2490 2146 2570 d'Antioche‚
2176 2492 2314 2555 l'un
2343 2492 2424 2558 de

278 2626 428 2672 ceux
455 2608 574 2690 qui
609 2609 865 2670 avaient
891 2607 1255 2671 condamne
1290 2607 1461 2670 saint
1482 2607 1845 2669 Athanase:

362 2724 652 2799 «Julius,
686 2723 1044 2786 rescribens
1071 2722 1396 2803 Episcopis
1424 2722 1541 2804 qui
1569 2721 1924 2786 Antiochiae
1954 2726 2419 2802 convenerant,

279 2861 310 2899 »
337 2840 622 2921 graviter
648 2840 1045 2920 conquestus
1071 2841 1194 2918 est,
1224 2838 1518 2920 primum
1547 2838 1814 2921 quidem
1845 2838 1923 2902 de
1956 2839 2299 2904 acerbitate
2329 2840 2424 2922 ip-

275 2976 304 3013 »
337 2972 560 3017 sorum
585 2953 893 3033 epistolae,
924 2953 1157 3018 deinde
1191 2953 1365 3035 quod
1396 2954 1621 3017 contra
1650 2972 1930 3022 canones
1959 2956 2177 3035 ipsum
2208 2954 2288 3018 ad
2323 2973 2425 3037 sy-

276 3092 305 3129 »
334 3070 585 3133 nodum
625 3088 761 3132 non
798 3070 1159 3149 vocassent3
1196 3087 1353 3132 cum
1388 3068 1812 3133 ecclesiastica
1851 3069 2077 3150 regula
2113 3069 2421 3134 interdic-

274 3206 304 3243 »
333 3186 475 3248 tum
501 3186 609 3262 sit,
643 3202 727 3247 ne
753 3187 984 3265 praeter
1013 3185 1400 3249 sententiam
1426 3183 1701 3248 Romani
1719 3183 2041 3246 pontificis
2065 3184 2420 3265 quidquam

272 3322 303 3359 1>
334 3303 415 3364 ab
448 3300 739 3365 ecclesiis
773 3300 1178 3363 decernatur.
1222 3303 1334 3361 Τοῦ
1379 3300 1827 3372 ἓκκλησιαστικοῦ
1872 3296 2087 3365 κανόνος
2120 3298 2426 3368 κελεύοντος

271 3438 303 3474 n
342 3416 420 3496 μὴ
491 3419 602 3475 δεῖν
650 3415 799 3497 παρά
870 3413 1091 3495 γνώμην
1159 3420 1253 3473 τοῦ
1325 3411 1613 3473 ἐπισκόπου
1692 3410 1912 3492 Ῥώμης
1979 3412 2266 3484 κανονίζειν
2331 3413 2429 3482 τὰς

275 3529 586 3603 ἐκκλησίας.
615 3552 647 3589 »
711 3529 875 3606 (Lib.
931 3533 1012 3607 ΙΙ,
1075 3547 1216 3608 cap.
1258 3529 1379 3609 17.)
1420 3531 1503 3591 Le
1559 3525 1934 3591 traducteur
1985 3527 2063 3591 de
2117 3527 2425 3592 l'histoire

274 3647 594 3725 tripartite
642 3663 681 3708 a
710 3642 1057 3725 interprete
1093 3645 1152 3707 le
1186 3644 1323 3706 mot
1352 3641 1644 3712 κανονίζειν
1692 3659 1807 3723 par
1835 3642 2075 3705 ceux-ci
2111 3662 2127 3704 :
2161 3643 2426 3707 conc-ilia

278 3762 599 3824 celebrari.

352 3879 436 3937 Le
465 3874 687 3937 meme
709 3873 1023 3937 historien
1048 3874 1222 3938 avait
1239 3873 1336 3937 dit
1356 3873 1908 3955 precedemment,
1936 3890 2019 3936 au
2045 3873 2333 3953 chapitre
2350 3881 2376 3935 1
2391 3881 2426 3937 5

275 3988 361 4051 du
391 3989 613 4052 meme
643 3980 830 4067 livre,
862 3988 946 4052 en
973 3990 1233 4069 parlant
1257 3989 1334 4052 de
1365 3990 1427 4052 la
1455 3989 1747 4052 maniere
1775 3988 1934 4051 dont
1962 4005 2034 4051 ce
2059 3993 2222 4069 Pape
2254 3988 2428 4053 avait

277 4102 542 4166 restitue
577 4121 694 4165 sur
722 4104 900 4165 leurs
937 4104 1140 4185 sieges
1175 4103 1346 4167 saint
1371 4104 1733 4181 Athanase,
1766 4104 1922 4166 Paul
1949 4101 2029 4166 de
2061 4104 2428 4168 Constanti-

275 4220 463 4299 nople
510 4219 576 4281 et
613 4217 784 4281 deux
820 4219 1038 4281 autres
1081 4219 1366 4301 Eveques
1410 4218 1808 4283 condamnes
1856 4237 1972 4300 par
2012 4220 2105 4282 les
2147 4221 2426 4285 conc-iles

276 4333 518 4408 ariens,
554 4351 683 4415 que
719 4334 856 4396 telle
885 4335 1034 4397 e'tait
1066 4335 1128 4397 la
1146 4335 1547 4415 preroqative
1577 4334 1649 4397 de
1682 4334 1936 4415 l'quise
1966 4337 2245 4410 romaine
2263 4359 2284 4399 .-

365 4450 532 4513 «Ubi
563 4466 723 4513 cum
748 4450 917 4513 Julio
946 4468 1234 4514 romanae
1263 4450 1446 4514 urbis
1474 4449 1778 4531 Episcopo
1807 4468 2068 4515 causam
2097 4470 2285 4515 suam
2318 4468 2423 4514 ex-

203 4639 212 4644 ,
271 4583 304 4621 >³
337 4565 747 4644 posuissent,
799 4564 946 4645 ille,
990 4584 1137 4647 quae
1182 4567 1277 4631 est
1317 4569 1623 4630 Romanae
1667 4566 1957 4631 Ecclesiae
2002 4565 2420 4649 praerogativa

2023 4681 2098 4735 15
