3038 5623
552 868 992 930 oPnRA‘rmus
1054 882 1150 929 nn
1203 880 1502 929 conclus
1549 881 1795 948 raom,
1858 882 2008 930 mo.
2216 862 2356 932 419

310 1049 342 1088 α
371 1026 612 1092 Placuit
638 1026 795 1091 huic
820 1027 1056 1091 sanctae
1083 1024 1328 1108 synodo
1359 1025 1434 1088 ut
1455 1024 1746 1107 quisquis
1772 1023 1880 1088 ille
1907 1023 2253 1106 Episcopus
2283 1023 2365 1089 ad

225 1165 258 1202 n
290 1142 642 1208 concilium
667 1142 890 1207 venire
918 1141 1243 1207 distulerit
1264 1140 1662 1219 admonitus,
1687 1139 1822 1204 illic
1844 1140 2367 1205 excommunica·

220 1282 251 1318 n
286 1258 482 1324 tionis
506 1260 654 1341 agat
693 1260 951 1340 tempus
990 1258 1103 1322 ubi
1128 1275 1280 1322 cum
1314 1257 1417 1321 his
1452 1256 1568 1339 qui
1595 1257 1942 1338 praesentes
1963 1255 2210 1321 fuerint
2234 1257 2365 1321 ele-

220 1397 255 1436 »
289 1374 458 1455 gerit
489 1374 1030 1455 Metropolitanus.
1057 1373 1230 1438 Cella
1250 1390 1408 1438 vero
1439 1373 1501 1435 et
1524 1389 1626 1435 res
1658 1371 1737 1435 ad
1768 1389 1924 1436 eum
1954 1371 2371 1453 pertinentes»,

224 1511 256 1550 n
285 1507 624 1573 quousque
663 1489 775 1553 illc
808 1489 930 1555 sub
971 1488 1350 1570 poenitentia
1386 1488 1608 1566 fuerit,
1637 1487 1945 1552 instantia
1976 1488 2040 1552 et
2068 1487 2375 1553 sollicitu-

220 1628 256 1667 »
293 1604 446 1670 dine
475 1606 790 1687 regantur
836 1603 1344 1686 Metropolitani3
1376 1603 1529 1686 quia
1557 1602 1697 1669 ideo
1725 1605 1820 1668 est
1848 1602 1971 1667 hoc
1994 1603 2273 1669 electum
2300 1605 2378 1667 ut

222 1745 253 1780 n
285 1719 491 1785 discat
516 1721 639 1785 sub
668 1719 1047 1801 poenitentia
1078 1718 1248 1802 quod
1278 1718 1549 1800 implere
1582 1719 1792 1783 noluit
1823 1720 2153 1783 voluntate
2173 1720 2372 1783 recta.

216 1857 249 1894 ι)
282 1839 453 1899 Dum
503 1854 658 1918 ergo
724 1835 806 1900 ad
860 1851 1046 1899 suam
1110 1820 1378 1899 redierit
1429 1834 1684 1912 cellam,
1741 1852 1884 1898 rem
1921 1833 1992 1898 in
2041 1836 2211 1899 statu
2276 1834 2382 1897 in·-

222 1971 261 2011 ι»
292 1951 516 2015 veniat
541 1970 687 2034 quae
715 1950 994 2016 ecclesiae
1027 1968 1159 2014 suae
1186 1951 1285 2014 est
1315 1949 1553 2014 debita.
1608 1971 1639 2008 ι)
1680 1949 1916 2014 Concil.
1948 1949 2370 2029 Emeritense,

223 2084 366 2148 cap.
407 2073 463 2144 7,
493 2082 669 2131 anno
693 2068 861 2145 704.)

311 2182 509 2245 Outre
536 2181 629 2245 les
652 2180 872 2261 peines
901 2179 1151 2261 portees
1183 2195 1300 2261 par
1335 2180 1430 2243 les
1466 2195 1738 2258 canons,
1777 2197 1863 2243 on
1892 2197 1931 2243 a
1962 2198 2044 2244 eu
2076 2179 2385 2263 quelque⁴

221 2297 351 2361 fois
394 2313 655 2361 recours
695 2295 734 2359 3
763 2297 826 2359 13
854 2296 1170 2377 privation
1199 2296 1394 2361 d'une
1426 2295 1632 2375 partie
1656 2295 1769 2360 des
1798 2313 2098 2375 revenus,
2127 2311 2384 2361 comme

221 2413 366 2476 cela
386 2412 499 2476 eut
515 2412 645 2475 lieu
673 2413 859 2476 entre
880 2412 1097 2475 autres
1116 2410 1276 2475 dans
1296 2412 1354 2475 le
1372 2410 1616 2476 concile
1634 2410 1713 2475 de
1738 2410 2065 2475 Bordeaux
2089 2410 2169 2475 de
2192 2419 2342 2475 1624
2364 2427 2382 2475 x

229 2551 266 2587 (ι
292 2527 730 2591 surrexerunt
761 2528 918 2591 tunc
960 2526 1363 2608 promotores
1395 2527 1537 2609 qui,
1586 2525 1761 2609 quod
1801 2526 2382 2592 reverendissimus

218 2663 255 2701 υ
296 2642 648 2723 Episcopus
679 2640 1056 2706 sarlatensis
1093 2640 1171 2705 ad
1202 2640 1557 2705 concilium
1589 2640 1980 2722 provinciale
2019 2659 2228 2724 neque
2267 2659 2381 2706 ve·-

221 2781 257 2819 ι
300 2757 507 2822 nisset
529 2773 739 2840 neque
767 2755 1070 2835 misisset,
1093 2756 1332 2837 petiere
1360 2757 1434 2820 ut
1453 2755 1643 2821 tertia
1670 2772 1818 2838 pars
1846 2756 2186 2822 fructuum
2207 2758 2342 2841 epis
2358 2789 2383 2805 -

223 2897 260 2935 r»
300 2874 565 2954 copatus
592 2872 994 2951 sarlatensis,
1027 2872 1282 2936 fabricae
1311 2871 1597 2936 ecclesiae
1629 2872 2009 2937 sarlatensis
2037 2889 2153 2954 per
2175 2873 2384 2938 conci-

228 3010 264 3049 »
299 2987 470 3051 lium
506 2986 930 3051 addiceretur.
977 2989 1212 3052 Actum
1253 2987 1733 3068 promotoribus
1774 3002 2152 3052 concessum
2192 2989 2308 3052 est.
2340 3010 2372 3048 n

227 3104 584 3185 (Odespun,
620 3122 680 3185 p.
721 3102 887 3183 688.)
930 3106 1017 3166 La
1047 3102 1349 3166 sentence
1374 3105 1470 3167 est
1490 3103 1725 3168 relatee
1750 3121 1832 3167 en
1859 3103 2069 3169 entier
2095 3102 2257 3166 dans
2286 3103 2381 3166 les

222 3220 541 3283 verbaux.
573 3217 780 3296 (Ibid.,
814 3236 875 3298 p.
905 3221 1073 3297 692.)
1106 3222 1188 3281 Le
1216 3217 1460 3282 concile
1497 3234 1764 3283 nomme
1792 3234 1887 3282 un
1910 3218 2149 3282 vicaire
2179 3217 2380 3300 gene-

222 3333 332 3397 ral
398 3349 566 3413 pour
617 3331 1037 3396 administret
1074 3332 1137 3395 le
1181 3331 1426 3396 diocese
1473 3332 1556 3398 de
1600 3333 1902 3416 l’Eveque
1972 3335 2373 3411 contumace,

223 3448 417 3512 otant
442 3448 581 3512 tout
611 3447 876 3529 pouvoir
904 3449 969 3512 et
990 3448 1168 3512 toute
1191 3447 1571 3529 jnridiction
1595 3466 1722 3513 aux
1751 3449 2018 3515 vicaires
2048 3449 2376 3532 generauit

224 3563 543 3629 nomines
564 3582 680 3646 par
701 3563 821 3627 lui.

1256 3859 1358 3918 111.

443 4104 550 4166 Quo
581 4115 764 4168 penser
785 4102 849 4153 de
873 4115 955 4153 ces
977 4100 1072 4153 lois
1094 4099 1323 4172 penales⁸
1338 4113 1435 4165 par
1471 4104 1677 4166 rapport
1710 4114 1775 4151 au
1806 4100 1938 4151 droit
1966 4061 2167 4152 actuel?

315 4374 435 4435 Ces
476 4368 679 4433 sortes
707 4366 786 4431 de
829 4366 1070 4447 peines,
1108 4366 1220 4449 qui
1254 4367 1372 4430 ont
1409 4365 1509 4431 ete
1536 4366 1855 4432 decretees
1883 4386 1966 4440 en
1996 4365 2370 4450 tres-grand

201 4486 514 4554 nombre
543 4483 608 4548 et
628 4482 791 4547 dont
817 4498 985 4546 nous
1018 4499 1100 4546 ne
1127 4481 1332 4546 citons
1355 4482 1596 4565 qu'une
1626 4483 1818 4565 petite
1853 4484 2080 4566 partie,
2108 4484 2370 4549 doivent
