<?xml version="1.0" encoding="UTF-8"?>
<!DOCTYPE html PUBLIC "-//W3C//DTD XHTML 1.0 Transitional//EN"
    "http://www.w3.org/TR/xhtml1/DTD/xhtml1-transitional.dtd">
<html xmlns="http://www.w3.org/1999/xhtml" xml:lang="en" lang="en">
 <head>
  <title>
</title>
<meta http-equiv="Content-Type" content="text/html;charset=utf-8" />
  <meta name='ocr-system' content='tesseract 3.04.00' />
  <meta name='ocr-capabilities' content='ocr_page ocr_carea ocr_par ocr_line ocrx_word'/>
</head>
<body>
  <div class='ocr_page' id='page_1' title='image "./tractatusdeconc00bouigoog_0313.png"; bbox 0 0 3038 5623; ppageno 0'>
   <div class='ocr_carea' id='block_1_1' title="bbox 426 826 2420 896">
    <p class='ocr_par' dir='ltr' id='par_1_1' title="bbox 426 826 2420 896">
     <span class='ocr_line' id='line_1_1' title="bbox 426 826 2420 896; baseline 0.001 -1"><span class='ocrx_word' id='word_1_1' title='bbox 426 847 727 895; x_wconf 77' lang='lat' dir='ltr'><strong>coNcnAE</strong></span> <span class='ocrx_word' id='word_1_2' title='bbox 765 849 974 895; x_wconf 74' lang='lat' dir='ltr'><strong>rnov,</strong></span> <span class='ocrx_word' id='word_1_3' title='bbox 1016 848 1155 895; x_wconf 76' lang='lat' dir='ltr'><strong>PAR</strong></span> <span class='ocrx_word' id='word_1_4' title='bbox 1209 847 1537 895; x_wconf 60' lang='lat' dir='ltr'><strong>narrem·</strong></span> <span class='ocrx_word' id='word_1_5' title='bbox 1571 847 1670 894; x_wconf 72' lang='lat' dir='ltr'><strong>An</strong></span> <span class='ocrx_word' id='word_1_6' title='bbox 1705 831 2169 894; x_wconf 61' lang='lat' dir='ltr'><strong>sum-sulcu.</strong></span> <span class='ocrx_word' id='word_1_7' title='bbox 2280 826 2420 896; x_wconf 79' lang='lat'><strong>293</strong></span> 
     </span>
    </p>
   </div>
   <div class='ocr_carea' id='block_1_2' title="bbox 196 989 2438 4535">
    <p class='ocr_par' dir='ltr' id='par_1_2' title="bbox 196 989 2438 4535">
     <span class='ocr_line' id='line_1_2' title="bbox 264 989 2429 1072; baseline 0 -17"><span class='ocrx_word' id='word_1_8' title='bbox 264 989 575 1056; x_wconf 54' lang='lat' dir='ltr'><strong>‘secution</strong></span> <span class='ocrx_word' id='word_1_9' title='bbox 595 991 768 1055; x_wconf 86' lang='lat' dir='ltr'><strong>avait</strong></span> <span class='ocrx_word' id='word_1_10' title='bbox 792 990 966 1055; x_wconf 74' lang='lat' dir='ltr'><strong>force</strong></span> <span class='ocrx_word' id='word_1_11' title='bbox 990 990 1070 1056; x_wconf 89' lang='lat' dir='ltr'><strong>de</strong></span> <span class='ocrx_word' id='word_1_12' title='bbox 1098 991 1292 1055; x_wconf 89' lang='lat' dir='ltr'><strong>sortir</strong></span> <span class='ocrx_word' id='word_1_13' title='bbox 1309 991 1388 1055; x_wconf 90' lang='lat' dir='ltr'><strong>de</strong></span> <span class='ocrx_word' id='word_1_14' title='bbox 1409 990 1746 1072; x_wconf 83' lang='lat' dir='ltr'><strong>Carthage,</strong></span> <span class='ocrx_word' id='word_1_15' title='bbox 1771 990 1847 1053; x_wconf 88' lang='lat' dir='ltr'><strong>fit</strong></span> <span class='ocrx_word' id='word_1_16' title='bbox 1876 990 2061 1054; x_wconf 88' lang='lat' dir='ltr'><strong>venir</strong></span> <span class='ocrx_word' id='word_1_17' title='bbox 2079 990 2240 1053; x_wconf 86' lang='lat' dir='ltr'><strong>dans</strong></span> <span class='ocrx_word' id='word_1_18' title='bbox 2266 991 2429 1055; x_wconf 89' lang='lat' dir='ltr'><strong>cette</strong></span> 
     </span>
     <span class='ocr_line' id='line_1_3' title="bbox 287 1105 2430 1190; baseline 0.001 -21"><span class='ocrx_word' id='word_1_19' title='bbox 287 1106 436 1170; x_wconf 79' lang='lat' dir='ltr'><strong>ville</strong></span> <span class='ocrx_word' id='word_1_20' title='bbox 481 1107 796 1189; x_wconf 82' lang='lat' dir='ltr'>quelques</span> <span class='ocrx_word' id='word_1_21' title='bbox 836 1106 1123 1190; x_wconf 73' lang='lat' dir='ltr'><strong>Eveques</strong></span> <span class='ocrx_word' id='word_1_22' title='bbox 1166 1105 1692 1188; x_wconf 77' lang='lat' dir='ltr'><strong>precedemment</strong></span> <span class='ocrx_word' id='word_1_23' title='bbox 1731 1105 2127 1171; x_wconf 78' lang='lat' dir='ltr'><strong>condamnes</strong></span> <span class='ocrx_word' id='word_1_24' title='bbox 2174 1124 2430 1171; x_wconf 90' lang='lat' dir='ltr'><strong>comme</strong></span> 
     </span>
     <span class='ocr_line' id='line_1_4' title="bbox 290 1219 2427 1303; baseline 0 -20"><span class='ocrx_word' id='word_1_25' title='bbox 290 1219 657 1303; x_wconf 81' lang='lat' dir='ltr'><strong>heretiques</strong></span> <span class='ocrx_word' id='word_1_26' title='bbox 672 1241 692 1303; x_wconf 82' lang='lat'><em>3</em></span> <span class='ocrx_word' id='word_1_27' title='bbox 726 1224 815 1299; x_wconf 89' lang='lat' dir='ltr'><strong>et,</strong></span> <span class='ocrx_word' id='word_1_28' title='bbox 848 1223 1078 1286; x_wconf 87' lang='lat' dir='ltr'><strong>tenant</strong></span> <span class='ocrx_word' id='word_1_29' title='bbox 1113 1240 1265 1287; x_wconf 80' lang='lat' dir='ltr'><strong>avec</strong></span> <span class='ocrx_word' id='word_1_30' title='bbox 1289 1240 1415 1286; x_wconf 84' lang='lat' dir='ltr'><strong>eux</strong></span> <span class='ocrx_word' id='word_1_31' title='bbox 1440 1241 1535 1284; x_wconf 90' lang='lat' dir='ltr'><strong>un</strong></span> <span class='ocrx_word' id='word_1_32' title='bbox 1575 1223 1920 1286; x_wconf 85' lang='lat' dir='ltr'><strong>simulacre</strong></span> <span class='ocrx_word' id='word_1_33' title='bbox 1941 1221 2020 1286; x_wconf 88' lang='lat' dir='ltr'><strong>de</strong></span> <span class='ocrx_word' id='word_1_34' title='bbox 2048 1221 2318 1300; x_wconf 87' lang='lat' dir='ltr'><strong>concile,</strong></span> <span class='ocrx_word' id='word_1_35' title='bbox 2348 1221 2427 1285; x_wconf 93' lang='lat' dir='ltr'><strong>ils</strong></span> 
     </span>
     <span class='ocr_line' id='line_1_5' title="bbox 287 1336 2431 1420; baseline -0 -20"><span class='ocrx_word' id='word_1_36' title='bbox 287 1336 666 1418; x_wconf 76' lang='lat' dir='ltr'><strong>deposerent</strong></span> <span class='ocrx_word' id='word_1_37' title='bbox 690 1337 861 1401; x_wconf 80' lang='lat' dir='ltr'><strong>saint</strong></span> <span class='ocrx_word' id='word_1_38' title='bbox 889 1339 1189 1420; x_wconf 80' lang='lat' dir='ltr'><strong>Cyprien,</strong></span> <span class='ocrx_word' id='word_1_39' title='bbox 1220 1337 1479 1401; x_wconf 79' lang='lat' dir='ltr'><strong>elurent</strong></span> <span class='ocrx_word' id='word_1_40' title='bbox 1499 1355 1584 1400; x_wconf 90' lang='lat' dir='ltr'><strong>en</strong></span> <span class='ocrx_word' id='word_1_41' title='bbox 1621 1355 1692 1401; x_wconf 88' lang='lat' dir='ltr'><strong>sa</strong></span> <span class='ocrx_word' id='word_1_42' title='bbox 1719 1338 1897 1419; x_wconf 89' lang='lat' dir='ltr'><strong>place</strong></span> <span class='ocrx_word' id='word_1_43' title='bbox 1927 1338 2262 1412; x_wconf 76' lang='lat' dir='ltr'><strong>Fortunat,</strong></span> <span class='ocrx_word' id='word_1_44' title='bbox 2293 1337 2431 1400; x_wconf 89' lang='lat' dir='ltr'><strong>l’un</strong></span> 
     </span>
     <span class='ocr_line' id='line_1_6' title="bbox 286 1452 2433 1536; baseline 0 -20"><span class='ocrx_word' id='word_1_45' title='bbox 286 1452 395 1516; x_wconf 88' lang='lat' dir='ltr'><strong>des</strong></span> <span class='ocrx_word' id='word_1_46' title='bbox 419 1453 572 1536; x_wconf 87' lang='lat' dir='ltr'>cinq</span> <span class='ocrx_word' id='word_1_47' title='bbox 599 1453 840 1534; x_wconf 75' lang='lat' dir='ltr'><strong>pretres</strong></span> <span class='ocrx_word' id='word_1_48' title='bbox 868 1453 948 1517; x_wconf 90' lang='lat' dir='ltr'><strong>de</strong></span> <span class='ocrx_word' id='word_1_49' title='bbox 984 1456 1048 1519; x_wconf 89' lang='lat' dir='ltr'><strong>la</strong></span> <span class='ocrx_word' id='word_1_50' title='bbox 1086 1453 1350 1532; x_wconf 85' lang='lat' dir='ltr'><strong>faction,</strong></span> <span class='ocrx_word' id='word_1_51' title='bbox 1376 1455 1441 1517; x_wconf 90' lang='lat' dir='ltr'><strong>et</strong></span> <span class='ocrx_word' id='word_1_52' title='bbox 1468 1454 1529 1517; x_wconf 92' lang='lat' dir='ltr'><strong>le</strong></span> <span class='ocrx_word' id='word_1_53' title='bbox 1560 1453 1755 1517; x_wconf 82' lang='lat' dir='ltr'><strong>ssrent</strong></span> <span class='ocrx_word' id='word_1_54' title='bbox 1780 1471 2120 1517; x_wconf 89' lang='lat' dir='ltr'><strong>consacrer</strong></span> <span class='ocrx_word' id='word_1_55' title='bbox 2147 1471 2264 1534; x_wconf 83' lang='lat' dir='ltr'><strong>par</strong></span> <span class='ocrx_word' id='word_1_56' title='bbox 2290 1453 2433 1516; x_wconf 88' lang='lat' dir='ltr'><strong>l’un</strong></span> 
     </span>
     <span class='ocr_line' id='line_1_7' title="bbox 287 1563 2430 1652; baseline 0 -21"><span class='ocrx_word' id='word_1_57' title='bbox 287 1567 395 1632; x_wconf 89' lang='lat' dir='ltr'><strong>des</strong></span> <span class='ocrx_word' id='word_1_58' title='bbox 422 1563 712 1650; x_wconf 75' lang='lat' dir='ltr'><strong>Eveques</strong></span> <span class='ocrx_word' id='word_1_59' title='bbox 756 1569 1148 1652; x_wconf 37' lang='lat' dir='ltr'><strong>heretiques‘</strong></span> <span class='ocrx_word' id='word_1_60' title='bbox 1183 1571 1363 1633; x_wconf 89' lang='lat' dir='ltr'><strong>Saint</strong></span> <span class='ocrx_word' id='word_1_61' title='bbox 1394 1570 1671 1651; x_wconf 76' lang='lat' dir='ltr'><strong>Cyprien</strong></span> <span class='ocrx_word' id='word_1_62' title='bbox 1701 1569 2063 1633; x_wconf 88' lang='lat' dir='ltr'><strong>condamna</strong></span> <span class='ocrx_word' id='word_1_63' title='bbox 2091 1569 2430 1650; x_wconf 76' lang='lat' dir='ltr'><strong>synodale-</strong></span> 
     </span>
     <span class='ocr_line' id='line_1_8' title="bbox 286 1685 2433 1765; baseline 0 -19"><span class='ocrx_word' id='word_1_64' title='bbox 286 1686 470 1747; x_wconf 87' lang='lat' dir='ltr'><strong>ment</strong></span> <span class='ocrx_word' id='word_1_65' title='bbox 503 1685 681 1748; x_wconf 90' lang='lat' dir='ltr'><strong>toute</strong></span> <span class='ocrx_word' id='word_1_66' title='bbox 728 1687 893 1749; x_wconf 87' lang='lat' dir='ltr'><strong>cette</strong></span> <span class='ocrx_word' id='word_1_67' title='bbox 930 1685 1192 1749; x_wconf 86' lang='lat' dir='ltr'><strong>faction.</strong></span> <span class='ocrx_word' id='word_1_68' title='bbox 1239 1685 1398 1749; x_wconf 90' lang='lat' dir='ltr'><strong>Mais</strong></span> <span class='ocrx_word' id='word_1_69' title='bbox 1439 1685 1755 1748; x_wconf 80' lang='lat' dir='ltr'><strong>Fortunat</strong></span> <span class='ocrx_word' id='word_1_70' title='bbox 1802 1686 2107 1748; x_wconf 87' lang='lat' dir='ltr'><strong>recourut</strong></span> <span class='ocrx_word' id='word_1_71' title='bbox 2148 1702 2233 1747; x_wconf 92' lang='lat' dir='ltr'><strong>au</strong></span> <span class='ocrx_word' id='word_1_72' title='bbox 2271 1702 2433 1765; x_wconf 88' lang='lat' dir='ltr'><strong>pape</strong></span> 
     </span>
     <span class='ocr_line' id='line_1_9' title="bbox 287 1797 2433 1882; baseline 0 -20"><span class='ocrx_word' id='word_1_73' title='bbox 287 1799 619 1876; x_wconf 86' lang='lat' dir='ltr'><strong>Gorneille,</strong></span> <span class='ocrx_word' id='word_1_74' title='bbox 652 1809 717 1863; x_wconf 80' lang='lat' dir='ltr'><strong>et</strong></span> <span class='ocrx_word' id='word_1_75' title='bbox 744 1800 838 1863; x_wconf 92' lang='lat' dir='ltr'><strong>lui</strong></span> <span class='ocrx_word' id='word_1_76' title='bbox 862 1817 1113 1882; x_wconf 76' lang='lat' dir='ltr'><strong>envoya</strong></span> <span class='ocrx_word' id='word_1_77' title='bbox 1142 1818 1275 1863; x_wconf 92' lang='lat' dir='ltr'><strong>une</strong></span> <span class='ocrx_word' id='word_1_78' title='bbox 1303 1799 1680 1880; x_wconf 79' lang='lat' dir='ltr'><strong>deputation</strong></span> <span class='ocrx_word' id='word_1_79' title='bbox 1721 1797 1760 1863; x_wconf 77' lang='lat' dir='ltr'><strong>a</strong></span> <span class='ocrx_word' id='word_1_80' title='bbox 1805 1800 1868 1863; x_wconf 88' lang='lat' dir='ltr'><strong>la</strong></span> <span class='ocrx_word' id='word_1_81' title='bbox 1897 1798 2022 1863; x_wconf 71' lang='lat' dir='ltr'><strong>tete</strong></span> <span class='ocrx_word' id='word_1_82' title='bbox 2051 1798 2131 1862; x_wconf 89' lang='lat' dir='ltr'><strong>de</strong></span> <span class='ocrx_word' id='word_1_83' title='bbox 2161 1800 2433 1881; x_wconf 81' lang='lat' dir='ltr'><strong>laquelle</strong></span> 
     </span>
     <span class='ocr_line' id='line_1_10' title="bbox 285 1913 2435 1988; baseline -0.001 -9"><span class='ocrx_word' id='word_1_84' title='bbox 285 1933 350 1979; x_wconf 90' lang='lat' dir='ltr'><strong>se</strong></span> <span class='ocrx_word' id='word_1_85' title='bbox 377 1915 662 1978; x_wconf 77' lang='lat' dir='ltr'><strong>trouvait</strong></span> <span class='ocrx_word' id='word_1_86' title='bbox 688 1915 1103 1980; x_wconf 80' lang='lat' dir='ltr'><strong>Felicissime.</strong></span> <span class='ocrx_word' id='word_1_87' title='bbox 1131 1920 1394 1980; x_wconf 86' lang='lat' dir='ltr'><strong>Comme</strong></span> <span class='ocrx_word' id='word_1_88' title='bbox 1418 1933 1523 1980; x_wconf 90' lang='lat' dir='ltr'><strong>ces</strong></span> <span class='ocrx_word' id='word_1_89' title='bbox 1547 1915 1823 1980; x_wconf 88' lang='lat' dir='ltr'><strong>factieux</strong></span> <span class='ocrx_word' id='word_1_90' title='bbox 1849 1914 2261 1988; x_wconf 84' lang='lat' dir='ltr'><strong>menacaient</strong></span> <span class='ocrx_word' id='word_1_91' title='bbox 2282 1913 2435 1977; x_wconf 86' lang='lat' dir='ltr'><strong>d&#39;al-</strong></span> 
     </span>
     <span class='ocr_line' id='line_1_11' title="bbox 284 2030 2432 2113; baseline 0 -20"><span class='ocrx_word' id='word_1_92' title='bbox 284 2030 381 2093; x_wconf 88' lang='lat' dir='ltr'><strong>ler</strong></span> <span class='ocrx_word' id='word_1_93' title='bbox 399 2031 635 2094; x_wconf 86' lang='lat' dir='ltr'><strong>mettre</strong></span> <span class='ocrx_word' id='word_1_94' title='bbox 655 2030 692 2094; x_wconf 78' lang='lat' dir='ltr'><strong>a</strong></span> <span class='ocrx_word' id='word_1_95' title='bbox 717 2032 890 2094; x_wconf 86' lang='lat' dir='ltr'><strong>mort</strong></span> <span class='ocrx_word' id='word_1_96' title='bbox 914 2031 1086 2095; x_wconf 80' lang='lat' dir='ltr'><strong>saint</strong></span> <span class='ocrx_word' id='word_1_97' title='bbox 1104 2031 1379 2113; x_wconf 72' lang='lat' dir='ltr'><strong>Cyprien</strong></span> <span class='ocrx_word' id='word_1_98' title='bbox 1406 2031 1570 2095; x_wconf 86' lang='lat' dir='ltr'><strong>sion</strong></span> <span class='ocrx_word' id='word_1_99' title='bbox 1596 2030 1864 2095; x_wconf 85' lang='lat' dir='ltr'><strong>refusait</strong></span> <span class='ocrx_word' id='word_1_100' title='bbox 1882 2030 1958 2094; x_wconf 93' lang='lat' dir='ltr'><strong>de</strong></span> <span class='ocrx_word' id='word_1_101' title='bbox 1978 2031 2071 2093; x_wconf 90' lang='lat' dir='ltr'><strong>les</strong></span> <span class='ocrx_word' id='word_1_102' title='bbox 2094 2030 2432 2109; x_wconf 89' lang='lat' dir='ltr'><strong>entendre,</strong></span> 
     </span>
     <span class='ocr_line' id='line_1_12' title="bbox 283 2144 2430 2228; baseline -0.001 -20"><span class='ocrx_word' id='word_1_103' title='bbox 283 2144 342 2209; x_wconf 91' lang='lat' dir='ltr'><strong>le</strong></span> <span class='ocrx_word' id='word_1_104' title='bbox 374 2163 536 2226; x_wconf 85' lang='lat' dir='ltr'><strong>pape</strong></span> <span class='ocrx_word' id='word_1_105' title='bbox 579 2147 894 2210; x_wconf 86' lang='lat' dir='ltr'><strong>Corneille</strong></span> <span class='ocrx_word' id='word_1_106' title='bbox 924 2165 1006 2210; x_wconf 88' lang='lat' dir='ltr'><strong>ne</strong></span> <span class='ocrx_word' id='word_1_107' title='bbox 1034 2150 1180 2211; x_wconf 86' lang='lat' dir='ltr'><strong>crut</strong></span> <span class='ocrx_word' id='word_1_108' title='bbox 1220 2165 1334 2228; x_wconf 90' lang='lat' dir='ltr'><strong>pas</strong></span> <span class='ocrx_word' id='word_1_109' title='bbox 1378 2147 1600 2211; x_wconf 83' lang='lat' dir='ltr'><strong>devoir</strong></span> <span class='ocrx_word' id='word_1_110' title='bbox 1627 2146 1724 2210; x_wconf 90' lang='lat' dir='ltr'><strong>les</strong></span> <span class='ocrx_word' id='word_1_111' title='bbox 1765 2163 2101 2226; x_wconf 87' lang='lat' dir='ltr'><strong>repousser</strong></span> <span class='ocrx_word' id='word_1_112' title='bbox 2130 2144 2208 2208; x_wconf 89' lang='lat' dir='ltr'><strong>dc</strong></span> <span class='ocrx_word' id='word_1_113' title='bbox 2244 2145 2430 2209; x_wconf 84' lang='lat' dir='ltr'><strong>suite.</strong></span> 
     </span>
     <span class='ocr_line' id='line_1_13' title="bbox 285 2261 2435 2342; baseline 0.001 -19"><span class='ocrx_word' id='word_1_114' title='bbox 285 2264 373 2323; x_wconf 84' lang='lat' dir='ltr'><strong>De</strong></span> <span class='ocrx_word' id='word_1_115' title='bbox 414 2261 479 2324; x_wconf 75' lang='lat' dir='ltr'><strong>la</strong></span> <span class='ocrx_word' id='word_1_116' title='bbox 525 2261 586 2325; x_wconf 93' lang='lat' dir='ltr'><strong>le</strong></span> <span class='ocrx_word' id='word_1_117' title='bbox 627 2261 1224 2327; x_wconf 80' lang='lat' dir='ltr'><strong>mecontentcment</strong></span> <span class='ocrx_word' id='word_1_118' title='bbox 1268 2262 1349 2326; x_wconf 93' lang='lat' dir='ltr'><strong>de</strong></span> <span class='ocrx_word' id='word_1_119' title='bbox 1381 2262 1553 2326; x_wconf 80' lang='lat' dir='ltr'><strong>saint</strong></span> <span class='ocrx_word' id='word_1_120' title='bbox 1598 2261 1873 2342; x_wconf 74' lang='lat' dir='ltr'><strong>Cyprien</strong></span> <span class='ocrx_word' id='word_1_121' title='bbox 1916 2263 1981 2323; x_wconf 90' lang='lat' dir='ltr'><strong>et</strong></span> <span class='ocrx_word' id='word_1_122' title='bbox 2031 2277 2101 2323; x_wconf 84' lang='lat' dir='ltr'><strong>sa</strong></span> <span class='ocrx_word' id='word_1_123' title='bbox 2147 2261 2435 2325; x_wconf 86' lang='lat' dir='ltr'><strong>fameuse</strong></span> 
     </span>
     <span class='ocr_line' id='line_1_14' title="bbox 281 2375 2431 2460; baseline -0 -21"><span class='ocrx_word' id='word_1_124' title='bbox 281 2376 497 2454; x_wconf 88' lang='lat' dir='ltr'><strong>lettre,</strong></span> <span class='ocrx_word' id='word_1_125' title='bbox 528 2395 657 2460; x_wconf 87' lang='lat' dir='ltr'><strong>que</strong></span> <span class='ocrx_word' id='word_1_126' title='bbox 678 2378 774 2441; x_wconf 94' lang='lat' dir='ltr'><strong>les</strong></span> <span class='ocrx_word' id='word_1_127' title='bbox 804 2378 1196 2442; x_wconf 79' lang='lat' dir='ltr'><strong>adversaires</strong></span> <span class='ocrx_word' id='word_1_128' title='bbox 1227 2376 1318 2440; x_wconf 86' lang='lat' dir='ltr'><strong>du</strong></span> <span class='ocrx_word' id='word_1_129' title='bbox 1354 2376 1526 2440; x_wconf 86' lang='lat' dir='ltr'><strong>droit</strong></span> <span class='ocrx_word' id='word_1_130' title='bbox 1553 2375 1803 2457; x_wconf 86' lang='lat' dir='ltr'><strong>d&#39;appel</strong></span> <span class='ocrx_word' id='word_1_131' title='bbox 1840 2376 1985 2440; x_wconf 89' lang='lat' dir='ltr'><strong>font</strong></span> <span class='ocrx_word' id='word_1_132' title='bbox 2020 2377 2163 2440; x_wconf 84' lang='lat' dir='ltr'><strong>tant</strong></span> <span class='ocrx_word' id='word_1_133' title='bbox 2201 2377 2431 2440; x_wconf 78' lang='lat' dir='ltr'><strong>valoir.</strong></span> 
     </span>
     <span class='ocr_line' id='line_1_15' title="bbox 282 2493 613 2556; baseline 0 -1"><span class='ocrx_word' id='word_1_134' title='bbox 282 2494 369 2555; x_wconf 84' lang='lat' dir='ltr'><strong>La</strong></span> <span class='ocrx_word' id='word_1_135' title='bbox 395 2493 559 2556; x_wconf 78' lang='lat' dir='ltr'><strong>voici</strong></span> <span class='ocrx_word' id='word_1_136' title='bbox 596 2511 613 2555; x_wconf 76' lang='lat' dir='ltr'><em>z</em></span> 
     </span>
     <span class='ocr_line' id='line_1_16' title="bbox 374 2607 2432 2689; baseline 0 -17"><span class='ocrx_word' id='word_1_137' title='bbox 374 2629 404 2664; x_wconf 72' lang='grc' dir='ltr'><strong>α</strong></span> <span class='ocrx_word' id='word_1_138' title='bbox 440 2608 589 2672; x_wconf 91' lang='lat' dir='ltr'><strong>Post</strong></span> <span class='ocrx_word' id='word_1_139' title='bbox 615 2607 737 2671; x_wconf 89' lang='lat' dir='ltr'><strong>ista</strong></span> <span class='ocrx_word' id='word_1_140' title='bbox 765 2607 980 2672; x_wconf 87' lang='lat' dir='ltr'><strong>adhuc</strong></span> <span class='ocrx_word' id='word_1_141' title='bbox 1008 2611 1296 2689; x_wconf 84' lang='lat' dir='ltr'><strong>insuper,</strong></span> <span class='ocrx_word' id='word_1_142' title='bbox 1328 2607 1895 2689; x_wconf 88' lang='lat' dir='ltr'><strong>pseudo-episcopo</strong></span> <span class='ocrx_word' id='word_1_143' title='bbox 1937 2608 2058 2672; x_wconf 91' lang='lat' dir='ltr'><strong>sibi</strong></span> <span class='ocrx_word' id='word_1_144' title='bbox 2099 2609 2181 2672; x_wconf 88' lang='lat' dir='ltr'><strong>ab</strong></span> <span class='ocrx_word' id='word_1_145' title='bbox 2221 2607 2432 2673; x_wconf 85' lang='lat' dir='ltr'><strong>haere-</strong></span> 
     </span>
     <span class='ocr_line' id='line_1_17' title="bbox 280 2721 2435 2804; baseline 0.002 -22"><span class='ocrx_word' id='word_1_146' title='bbox 280 2743 313 2781; x_wconf 69' lang='lat' dir='ltr'><strong>n</strong></span> <span class='ocrx_word' id='word_1_147' title='bbox 347 2721 495 2786; x_wconf 85' lang='lat' dir='ltr'><strong>ticis</strong></span> <span class='ocrx_word' id='word_1_148' title='bbox 546 2723 922 2802; x_wconf 78' lang='lat' dir='ltr'><strong>constitute,</strong></span> <span class='ocrx_word' id='word_1_149' title='bbox 953 2724 1262 2804; x_wconf 81' lang='lat' dir='ltr'><strong>navigare</strong></span> <span class='ocrx_word' id='word_1_150' title='bbox 1303 2721 1569 2798; x_wconf 88' lang='lat' dir='ltr'><strong>audent,</strong></span> <span class='ocrx_word' id='word_1_151' title='bbox 1600 2723 1663 2786; x_wconf 90' lang='lat' dir='ltr'><strong>et</strong></span> <span class='ocrx_word' id='word_1_152' title='bbox 1717 2723 1797 2787; x_wconf 90' lang='lat' dir='ltr'><strong>ad</strong></span> <span class='ocrx_word' id='word_1_153' title='bbox 1844 2724 2012 2788; x_wconf 87' lang='lat' dir='ltr'><strong>Petri</strong></span> <span class='ocrx_word' id='word_1_154' title='bbox 2059 2724 2435 2788; x_wconf 86' lang='lat' dir='ltr'><strong>cathedram</strong></span> 
     </span>
     <span class='ocr_line' id='line_1_18' title="bbox 280 2838 2436 2921; baseline 0.002 -23"><span class='ocrx_word' id='word_1_155' title='bbox 280 2859 313 2897; x_wconf 68' lang='grc' dir='ltr'><strong>ι)</strong></span> <span class='ocrx_word' id='word_1_156' title='bbox 347 2839 540 2921; x_wconf 90' lang='lat' dir='ltr'><strong>atque</strong></span> <span class='ocrx_word' id='word_1_157' title='bbox 570 2839 652 2902; x_wconf 89' lang='lat' dir='ltr'><strong>ad</strong></span> <span class='ocrx_word' id='word_1_158' title='bbox 692 2840 1046 2904; x_wconf 85' lang='lat' dir='ltr'><strong>Ecclesiam</strong></span> <span class='ocrx_word' id='word_1_159' title='bbox 1075 2839 1502 2920; x_wconf 86' lang='lat' dir='ltr'><strong>principalem</strong></span> <span class='ocrx_word' id='word_1_160' title='bbox 1550 2838 1725 2904; x_wconf 90' lang='lat' dir='ltr'><strong>unde</strong></span> <span class='ocrx_word' id='word_1_161' title='bbox 1773 2840 1992 2903; x_wconf 89' lang='lat' dir='ltr'><strong>unitas</strong></span> <span class='ocrx_word' id='word_1_162' title='bbox 2027 2839 2436 2904; x_wconf 86' lang='lat' dir='ltr'><strong>sacerdotalis</strong></span> 
     </span>
     <span class='ocr_line' id='line_1_19' title="bbox 279 2954 2438 3037; baseline 0.003 -25"><span class='ocrx_word' id='word_1_163' title='bbox 279 2976 312 3012; x_wconf 68' lang='grc' dir='ltr'><strong>»ι</strong></span> <span class='ocrx_word' id='word_1_164' title='bbox 348 2955 570 3017; x_wconf 83' lang='lat' dir='ltr'><strong>exorta</strong></span> <span class='ocrx_word' id='word_1_165' title='bbox 602 2956 723 3032; x_wconf 90' lang='lat' dir='ltr'><strong>est,</strong></span> <span class='ocrx_word' id='word_1_166' title='bbox 767 2974 804 3019; x_wconf 88' lang='lat' dir='ltr'><strong>a</strong></span> <span class='ocrx_word' id='word_1_167' title='bbox 851 2955 1277 3019; x_wconf 85' lang='lat' dir='ltr'><strong>schismaticis</strong></span> <span class='ocrx_word' id='word_1_168' title='bbox 1307 2956 1369 3018; x_wconf 89' lang='lat' dir='ltr'><strong>et</strong></span> <span class='ocrx_word' id='word_1_169' title='bbox 1415 2954 1769 3037; x_wconf 87' lang='lat' dir='ltr'><strong>prophanis</strong></span> <span class='ocrx_word' id='word_1_170' title='bbox 1795 2955 2043 3019; x_wconf 88' lang='lat' dir='ltr'><strong>litteras</strong></span> <span class='ocrx_word' id='word_1_171' title='bbox 2069 2956 2264 3032; x_wconf 84' lang='lat' dir='ltr'><strong>ferre,</strong></span> <span class='ocrx_word' id='word_1_172' title='bbox 2317 2972 2438 3018; x_wconf 91' lang='lat' dir='ltr'><strong>nec</strong></span> 
     </span>
     <span class='ocr_line' id='line_1_20' title="bbox 275 3069 2437 3152; baseline 0 -23"><span class='ocrx_word' id='word_1_173' title='bbox 275 3088 317 3129; x_wconf 84' lang='lat'>»</span> <span class='ocrx_word' id='word_1_174' title='bbox 346 3069 630 3151; x_wconf 84' lang='lat' dir='ltr'><strong>cogitare</strong></span> <span class='ocrx_word' id='word_1_175' title='bbox 676 3087 783 3133; x_wconf 89' lang='lat' dir='ltr'><strong>eos</strong></span> <span class='ocrx_word' id='word_1_176' title='bbox 827 3087 965 3133; x_wconf 90' lang='lat' dir='ltr'><strong>esse</strong></span> <span class='ocrx_word' id='word_1_177' title='bbox 1013 3075 1341 3134; x_wconf 84' lang='lat' dir='ltr'><strong>Romanos</strong></span> <span class='ocrx_word' id='word_1_178' title='bbox 1383 3069 1465 3133; x_wconf 84' lang='lat' dir='ltr'><strong>ad</strong></span> <span class='ocrx_word' id='word_1_179' title='bbox 1514 3087 1676 3152; x_wconf 87' lang='lat' dir='ltr'><strong>quos</strong></span> <span class='ocrx_word' id='word_1_180' title='bbox 1713 3069 1984 3151; x_wconf 88' lang='lat' dir='ltr'><strong>perfidia</strong></span> <span class='ocrx_word' id='word_1_181' title='bbox 2032 3069 2272 3132; x_wconf 88' lang='lat' dir='ltr'><strong>habere</strong></span> <span class='ocrx_word' id='word_1_182' title='bbox 2304 3084 2437 3130; x_wconf 90' lang='lat' dir='ltr'><strong>non</strong></span> 
     </span>
     <span class='ocr_line' id='line_1_21' title="bbox 273 3165 2436 3265; baseline 0 -22"><span class='ocrx_word' id='word_1_183' title='bbox 273 3205 312 3243; x_wconf 65' lang='grc' dir='ltr'><strong>ι)</strong></span> <span class='ocrx_word' id='word_1_184' title='bbox 349 3185 548 3265; x_wconf 86' lang='lat' dir='ltr'><strong>possit</strong></span> <span class='ocrx_word' id='word_1_185' title='bbox 594 3202 943 3249; x_wconf 49' lang='lat' dir='ltr'><strong>accessum‘</strong></span> <span class='ocrx_word' id='word_1_186' title='bbox 990 3188 1141 3261; x_wconf 85' lang='lat' dir='ltr'><strong>Quae</strong></span> <span class='ocrx_word' id='word_1_187' title='bbox 1188 3187 1407 3249; x_wconf 86' lang='lat' dir='ltr'><strong>autem</strong></span> <span class='ocrx_word' id='word_1_188' title='bbox 1455 3203 1648 3249; x_wconf 89' lang='lat' dir='ltr'><strong>causa</strong></span> <span class='ocrx_word' id='word_1_189' title='bbox 1694 3165 2004 3248; x_wconf 74' lang='lat' dir='ltr'><strong>veniendi</strong></span> <span class='ocrx_word' id='word_1_190' title='bbox 2046 3185 2110 3246; x_wconf 94' lang='lat' dir='ltr'><strong>et</strong></span> <span class='ocrx_word' id='word_1_191' title='bbox 2154 3181 2436 3263; x_wconf 89' lang='lat' dir='ltr'><strong>pseudo-</strong></span> 
     </span>
     <span class='ocr_line' id='line_1_22' title="bbox 269 3297 2431 3382; baseline 0.001 -24"><span class='ocrx_word' id='word_1_192' title='bbox 269 3323 305 3358; x_wconf 77' lang='lat'><strong>»</strong></span> <span class='ocrx_word' id='word_1_193' title='bbox 346 3300 720 3382; x_wconf 89' lang='lat' dir='ltr'><strong>episcopum</strong></span> <span class='ocrx_word' id='word_1_194' title='bbox 747 3302 970 3364; x_wconf 89' lang='lat' dir='ltr'><strong>contra</strong></span> <span class='ocrx_word' id='word_1_195' title='bbox 998 3300 1336 3381; x_wconf 90' lang='lat' dir='ltr'><strong>Episcopos</strong></span> <span class='ocrx_word' id='word_1_196' title='bbox 1383 3301 1629 3363; x_wconf 81' lang='lat' dir='ltr'><strong>factum</strong></span> <span class='ocrx_word' id='word_1_197' title='bbox 1676 3298 2068 3362; x_wconf 81' lang='lat' dir='ltr'><strong>nuntiandi?</strong></span> <span class='ocrx_word' id='word_1_198' title='bbox 2094 3300 2225 3361; x_wconf 90' lang='lat' dir='ltr'><strong>Aut</strong></span> <span class='ocrx_word' id='word_1_199' title='bbox 2250 3297 2431 3362; x_wconf 91' lang='lat' dir='ltr'><strong>enim</strong></span> 
     </span>
     <span class='ocr_line' id='line_1_23' title="bbox 266 3413 2423 3496; baseline 0.001 -22"><span class='ocrx_word' id='word_1_200' title='bbox 266 3434 308 3474; x_wconf 83' lang='lat'>»</span> <span class='ocrx_word' id='word_1_201' title='bbox 346 3415 557 3495; x_wconf 87' lang='lat' dir='ltr'><strong>placet</strong></span> <span class='ocrx_word' id='word_1_202' title='bbox 596 3414 727 3478; x_wconf 90' lang='lat' dir='ltr'><strong>illis</strong></span> <span class='ocrx_word' id='word_1_203' title='bbox 769 3413 940 3496; x_wconf 86' lang='lat' dir='ltr'><strong>quod</strong></span> <span class='ocrx_word' id='word_1_204' title='bbox 997 3415 1206 3478; x_wconf 87' lang='lat' dir='ltr'><strong>feceru</strong></span> <span class='ocrx_word' id='word_1_205' title='bbox 1216 3417 1288 3477; x_wconf 88' lang='lat' dir='ltr'><strong>nt</strong></span> <span class='ocrx_word' id='word_1_206' title='bbox 1327 3415 1389 3478; x_wconf 88' lang='lat' dir='ltr'><strong>et</strong></span> <span class='ocrx_word' id='word_1_207' title='bbox 1429 3413 1500 3477; x_wconf 91' lang='lat' dir='ltr'><strong>in</strong></span> <span class='ocrx_word' id='word_1_208' title='bbox 1548 3432 1665 3477; x_wconf 89' lang='lat' dir='ltr'><strong>suo</strong></span> <span class='ocrx_word' id='word_1_209' title='bbox 1711 3415 1946 3479; x_wconf 89' lang='lat' dir='ltr'><strong>scelere</strong></span> <span class='ocrx_word' id='word_1_210' title='bbox 1991 3415 2423 3495; x_wconf 86' lang='lat' dir='ltr'><strong>perseverant,</strong></span> 
     </span>
     <span class='ocr_line' id='line_1_24' title="bbox 256 3528 2426 3614; baseline 0.002 -26"><span class='ocrx_word' id='word_1_211' title='bbox 256 3550 297 3588; x_wconf 79' lang='grc'>»</span> <span class='ocrx_word' id='word_1_212' title='bbox 346 3531 466 3593; x_wconf 86' lang='lat' dir='ltr'><strong>aut</strong></span> <span class='ocrx_word' id='word_1_213' title='bbox 495 3530 550 3593; x_wconf 93' lang='lat' dir='ltr'><strong>si</strong></span> <span class='ocrx_word' id='word_1_214' title='bbox 575 3528 869 3609; x_wconf 87' lang='lat' dir='ltr'><strong>displicet</strong></span> <span class='ocrx_word' id='word_1_215' title='bbox 910 3531 976 3593; x_wconf 92' lang='lat' dir='ltr'><strong>et</strong></span> <span class='ocrx_word' id='word_1_216' title='bbox 1006 3529 1336 3607; x_wconf 88' lang='lat' dir='ltr'><strong>recedunt,</strong></span> <span class='ocrx_word' id='word_1_217' title='bbox 1375 3530 1591 3593; x_wconf 88' lang='lat' dir='ltr'><strong>sciunt</strong></span> <span class='ocrx_word' id='word_1_218' title='bbox 1618 3547 1749 3614; x_wconf 89' lang='lat' dir='ltr'><strong>quo</strong></span> <span class='ocrx_word' id='word_1_219' title='bbox 1778 3532 2211 3594; x_wconf 84' lang='lat' dir='ltr'><strong>revertantur.</strong></span> <span class='ocrx_word' id='word_1_220' title='bbox 2260 3534 2426 3593; x_wconf 90' lang='lat' dir='ltr'><strong>Nam</strong></span> 
     </span>
     <span class='ocr_line' id='line_1_25' title="bbox 251 3644 2428 3727; baseline 0 -20"><span class='ocrx_word' id='word_1_221' title='bbox 251 3667 294 3706; x_wconf 72' lang='lat'><strong>1&gt;</strong></span> <span class='ocrx_word' id='word_1_222' title='bbox 342 3663 505 3709; x_wconf 90' lang='lat' dir='ltr'><strong>cum</strong></span> <span class='ocrx_word' id='word_1_223' title='bbox 535 3646 856 3709; x_wconf 87' lang='lat' dir='ltr'><strong>statutum</strong></span> <span class='ocrx_word' id='word_1_224' title='bbox 885 3646 970 3709; x_wconf 90' lang='lat' dir='ltr'><strong>sit</strong></span> <span class='ocrx_word' id='word_1_225' title='bbox 997 3646 1303 3709; x_wconf 89' lang='lat' dir='ltr'><strong>omnihus</strong></span> <span class='ocrx_word' id='word_1_226' title='bbox 1333 3645 1545 3724; x_wconf 79' lang='lat' dir='ltr'><strong>nohiS‚</strong></span> <span class='ocrx_word' id='word_1_227' title='bbox 1584 3647 1647 3708; x_wconf 91' lang='lat' dir='ltr'><strong>et</strong></span> <span class='ocrx_word' id='word_1_228' title='bbox 1673 3663 1938 3727; x_wconf 85' lang='lat' dir='ltr'><strong>aequum</strong></span> <span class='ocrx_word' id='word_1_229' title='bbox 1978 3645 2061 3708; x_wconf 89' lang='lat' dir='ltr'><strong>sit</strong></span> <span class='ocrx_word' id='word_1_230' title='bbox 2095 3644 2336 3727; x_wconf 89' lang='lat' dir='ltr'><strong>pariter</strong></span> <span class='ocrx_word' id='word_1_231' title='bbox 2364 3645 2428 3708; x_wconf 87' lang='lat' dir='ltr'><strong>et</strong></span> 
     </span>
     <span class='ocr_line' id='line_1_26' title="bbox 243 3759 2428 3844; baseline -0 -22"><span class='ocrx_word' id='word_1_232' title='bbox 243 3782 289 3822; x_wconf 68' lang='grc' dir='ltr'><strong>ι)</strong></span> <span class='ocrx_word' id='word_1_233' title='bbox 325 3760 603 3841; x_wconf 88' lang='lat' dir='ltr'><strong>justum</strong></span> <span class='ocrx_word' id='word_1_234' title='bbox 634 3762 710 3822; x_wconf 91' lang='lat' dir='ltr'><strong>ut</strong></span> <span class='ocrx_word' id='word_1_235' title='bbox 737 3761 1255 3844; x_wconf 85' lang='lat' dir='ltr'><strong>uniuscujusque</strong></span> <span class='ocrx_word' id='word_1_236' title='bbox 1304 3778 1496 3824; x_wconf 88' lang='lat' dir='ltr'><strong>causa</strong></span> <span class='ocrx_word' id='word_1_237' title='bbox 1545 3760 1676 3824; x_wconf 92' lang='lat' dir='ltr'><strong>illic</strong></span> <span class='ocrx_word' id='word_1_238' title='bbox 1703 3760 2006 3824; x_wconf 85' lang='lat' dir='ltr'><strong>audiatur</strong></span> <span class='ocrx_word' id='word_1_239' title='bbox 2033 3760 2144 3823; x_wconf 89' lang='lat' dir='ltr'><strong>ubi</strong></span> <span class='ocrx_word' id='word_1_240' title='bbox 2176 3760 2274 3822; x_wconf 88' lang='lat' dir='ltr'><strong>est</strong></span> <span class='ocrx_word' id='word_1_241' title='bbox 2300 3759 2428 3822; x_wconf 84' lang='lat' dir='ltr'><strong>cri·-</strong></span> 
     </span>
     <span class='ocr_line' id='line_1_27' title="bbox 237 3872 2429 3957; baseline -0 -21"><span class='ocrx_word' id='word_1_242' title='bbox 237 3897 280 3936; x_wconf 80' lang='lat'>»</span> <span class='ocrx_word' id='word_1_243' title='bbox 328 3893 508 3938; x_wconf 88' lang='lat' dir='ltr'><strong>men</strong></span> <span class='ocrx_word' id='word_1_244' title='bbox 549 3875 936 3953; x_wconf 85' lang='lat' dir='ltr'><strong>admissum,</strong></span> <span class='ocrx_word' id='word_1_245' title='bbox 985 3878 1050 3940; x_wconf 90' lang='lat' dir='ltr'><strong>et</strong></span> <span class='ocrx_word' id='word_1_246' title='bbox 1096 3876 1371 3957; x_wconf 84' lang='lat' dir='ltr'><strong>singulis</strong></span> <span class='ocrx_word' id='word_1_247' title='bbox 1421 3876 1785 3957; x_wconf 87' lang='lat' dir='ltr'><strong>pastoribus</strong></span> <span class='ocrx_word' id='word_1_248' title='bbox 1837 3876 2043 3956; x_wconf 89' lang='lat' dir='ltr'><strong>portio</strong></span> <span class='ocrx_word' id='word_1_249' title='bbox 2092 3874 2303 3956; x_wconf 82' lang='lat' dir='ltr'><strong>gregis</strong></span> <span class='ocrx_word' id='word_1_250' title='bbox 2347 3872 2429 3936; x_wconf 92' lang='lat' dir='ltr'><strong>sit</strong></span> 
     </span>
     <span class='ocr_line' id='line_1_28' title="bbox 228 3984 2426 4075; baseline 0 -22"><span class='ocrx_word' id='word_1_251' title='bbox 228 4014 273 4053; x_wconf 69' lang='grc' dir='ltr'><strong>ι)</strong></span> <span class='ocrx_word' id='word_1_252' title='bbox 322 3984 665 4073; x_wconf 79' lang='lat' dir='ltr'><strong>adscripta</strong></span> <span class='ocrx_word' id='word_1_253' title='bbox 694 4010 897 4074; x_wconf 92' lang='lat' dir='ltr'><strong>quam</strong></span> <span class='ocrx_word' id='word_1_254' title='bbox 927 3993 1109 4074; x_wconf 81' lang='lat' dir='ltr'><strong>regat</strong></span> <span class='ocrx_word' id='word_1_255' title='bbox 1133 3992 1589 4075; x_wconf 87' lang='lat' dir='ltr'><strong>unusquisque</strong></span> <span class='ocrx_word' id='word_1_256' title='bbox 1618 3994 1682 4055; x_wconf 90' lang='lat' dir='ltr'><strong>et</strong></span> <span class='ocrx_word' id='word_1_257' title='bbox 1717 3991 2056 4073; x_wconf 83' lang='lat' dir='ltr'><strong>gubernet,</strong></span> <span class='ocrx_word' id='word_1_258' title='bbox 2107 3989 2426 4054; x_wconf 83' lang='lat' dir='ltr'><strong>rationem</strong></span> 
     </span>
     <span class='ocr_line' id='line_1_29' title="bbox 220 4105 2427 4189; baseline -0.001 -18"><span class='ocrx_word' id='word_1_259' title='bbox 220 4129 271 4171; x_wconf 85' lang='lat'>»</span> <span class='ocrx_word' id='word_1_260' title='bbox 312 4106 449 4171; x_wconf 88' lang='lat' dir='ltr'><strong>sui</strong></span> <span class='ocrx_word' id='word_1_261' title='bbox 490 4107 673 4170; x_wconf 89' lang='lat' dir='ltr'><strong>actus</strong></span> <span class='ocrx_word' id='word_1_262' title='bbox 708 4108 989 4171; x_wconf 88' lang='lat' dir='ltr'><strong>Domino</strong></span> <span class='ocrx_word' id='word_1_263' title='bbox 1039 4107 1435 4182; x_wconf 75' lang='lat' dir='ltr'><strong>redditurUS,</strong></span> <span class='ocrx_word' id='word_1_264' title='bbox 1472 4107 1728 4187; x_wconf 88' lang='lat' dir='ltr'><strong>oportet</strong></span> <span class='ocrx_word' id='word_1_265' title='bbox 1771 4105 1998 4187; x_wconf 89' lang='lat' dir='ltr'><strong>utique</strong></span> <span class='ocrx_word' id='word_1_266' title='bbox 2045 4123 2152 4170; x_wconf 90' lang='lat' dir='ltr'><strong>eos</strong></span> <span class='ocrx_word' id='word_1_267' title='bbox 2192 4106 2427 4189; x_wconf 89' lang='lat' dir='ltr'><strong>quibus</strong></span> 
     </span>
     <span class='ocr_line' id='line_1_30' title="bbox 221 4222 2425 4304; baseline 0 -20"><span class='ocrx_word' id='word_1_268' title='bbox 221 4245 267 4284; x_wconf 72' lang='lat' dir='ltr'><strong>a»</strong></span> <span class='ocrx_word' id='word_1_269' title='bbox 311 4239 715 4304; x_wconf 85' lang='lat' dir='ltr'><strong>praesumus</strong></span> <span class='ocrx_word' id='word_1_270' title='bbox 747 4240 883 4285; x_wconf 89' lang='lat' dir='ltr'><strong>non</strong></span> <span class='ocrx_word' id='word_1_271' title='bbox 908 4222 1448 4303; x_wconf 85' lang='lat' dir='ltr'><strong>circumcursare,</strong></span> <span class='ocrx_word' id='word_1_272' title='bbox 1494 4240 1615 4287; x_wconf 90' lang='lat' dir='ltr'><strong>nec</strong></span> <span class='ocrx_word' id='word_1_273' title='bbox 1655 4222 2118 4303; x_wconf 89' lang='lat' dir='ltr'><strong>Episcoporum</strong></span> <span class='ocrx_word' id='word_1_274' title='bbox 2158 4239 2425 4286; x_wconf 85' lang='lat' dir='ltr'><strong>concor-</strong></span> 
     </span>
     <span class='ocr_line' id='line_1_31' title="bbox 206 4337 2425 4404; baseline 0.001 -6"><span class='ocrx_word' id='word_1_275' title='bbox 206 4365 248 4398; x_wconf 68' lang='grc' dir='ltr'><strong>ιι</strong></span> <span class='ocrx_word' id='word_1_276' title='bbox 302 4338 528 4402; x_wconf 80' lang='lat' dir='ltr'><strong>diam</strong></span> <span class='ocrx_word' id='word_1_277' title='bbox 570 4337 1002 4403; x_wconf 73' lang='lat' dir='ltr'><strong>cohaerentem</strong></span> <span class='ocrx_word' id='word_1_278' title='bbox 1034 4356 1152 4403; x_wconf 86' lang='lat' dir='ltr'><strong>sua</strong></span> <span class='ocrx_word' id='word_1_279' title='bbox 1193 4338 1464 4402; x_wconf 87' lang='lat' dir='ltr'><strong>subdola</strong></span> <span class='ocrx_word' id='word_1_280' title='bbox 1493 4340 1558 4404; x_wconf 91' lang='lat' dir='ltr'><strong>et</strong></span> <span class='ocrx_word' id='word_1_281' title='bbox 1585 4337 1797 4402; x_wconf 89' lang='lat' dir='ltr'><strong>fallaci</strong></span> <span class='ocrx_word' id='word_1_282' title='bbox 1843 4337 2207 4402; x_wconf 88' lang='lat' dir='ltr'><strong>temeritate</strong></span> <span class='ocrx_word' id='word_1_283' title='bbox 2243 4337 2425 4402; x_wconf 90' lang='lat' dir='ltr'><strong>colli-</strong></span> 
     </span>
     <span class='ocr_line' id='line_1_32' title="bbox 196 4450 2429 4535; baseline -0.002 -18"><span class='ocrx_word' id='word_1_284' title='bbox 196 4477 243 4517; x_wconf 75' lang='lat'>»</span> <span class='ocrx_word' id='word_1_285' title='bbox 296 4453 529 4530; x_wconf 81' lang='lat' dir='ltr'><strong>dere,</strong></span> <span class='ocrx_word' id='word_1_286' title='bbox 561 4451 672 4516; x_wconf 87' lang='lat' dir='ltr'><strong>sed</strong></span> <span class='ocrx_word' id='word_1_287' title='bbox 701 4470 893 4535; x_wconf 83' lang='lat' dir='ltr'><strong>agere</strong></span> <span class='ocrx_word' id='word_1_288' title='bbox 922 4454 1054 4519; x_wconf 91' lang='lat' dir='ltr'><strong>illic</strong></span> <span class='ocrx_word' id='word_1_289' title='bbox 1098 4471 1364 4518; x_wconf 89' lang='lat' dir='ltr'><strong>causam</strong></span> <span class='ocrx_word' id='word_1_290' title='bbox 1392 4472 1605 4533; x_wconf 90' lang='lat' dir='ltr'><strong>suam,</strong></span> <span class='ocrx_word' id='word_1_291' title='bbox 1640 4454 1756 4519; x_wconf 90' lang='lat' dir='ltr'><strong>ubi</strong></span> <span class='ocrx_word' id='word_1_292' title='bbox 1800 4455 1864 4517; x_wconf 90' lang='lat' dir='ltr'><strong>et</strong></span> <span class='ocrx_word' id='word_1_293' title='bbox 1889 4454 2285 4519; x_wconf 85' lang='lat' dir='ltr'><strong>accusatores</strong></span> <span class='ocrx_word' id='word_1_294' title='bbox 2314 4450 2429 4514; x_wconf 92' lang='lat' dir='ltr'><strong>ha-</strong></span> 
     </span>
    </p>
   </div>
  </div>
 </body>
</html>
