3038 5623
587 781 730 853 554
1290 787 1697 864 chmimn
1748 805 2029 853 Purrm.

663 946 749 1009 Ec
779 950 1116 1025 postquam
1159 944 1395 1010 dictum
1434 947 1653 1029 fuerit,
1682 949 1766 1012 Ut
1789 946 2099 1012 omnibus
2125 945 2426 1011 fidelibus
2452 946 2722 1013 defunc-

583 1060 688 1136 tis,
714 1061 833 1124 etc.
866 1063 932 1140 ις).
964 1064 1051 1124 Te
1079 1077 1412 1142 rogamus,
1442 1062 1594 1126 audi
1627 1080 1770 1141 nos,
1799 1061 2098 1143 Pontifex
2125 1063 2331 1143 surgit
2352 1070 2409 1125 et
2437 1062 2725 1127 baculum

582 1176 955 1257 pastoralem
982 1176 1053 1239 in
1083 1176 1339 1241 sinistra
1369 1184 1597 1251 leuans.
1623 1185 1800 1241 stam
1820 1195 2033 1241 versus
2061 1176 2148 1241 ad
2164 1177 2498 1257 synodum,
2526 1177 2680 1241 dicit
2702 1198 2728 1240 .·

585 1293 666 1355 Ut
689 1291 857 1354 hanc
885 1292 1267 1372 praesentem
1295 1291 1620 1372 synodum
1643 1291 1934 1370 visitare,
1961 1291 2325 1373 disponere,
2354 1293 2420 1357 et
2438 1292 2607 1357 bene
2635 1294 2679 1363 †
2702 1327 2729 1338 -

581 1405 794 1471 dicere
816 1406 1124 1488 digneris.
1155 1410 1222 1485 ui.
1254 1411 1341 1470 Te
1367 1423 1702 1488 rogamus,
1729 1406 1882 1471 audi
1907 1424 2046 1472 nos.

665 1572 1020 1636 Producens
1065 1572 1312 1652 siynum
1350 1571 1550 1634 crucis
1586 1572 1832 1651 pariter
1876 1588 2062 1651 super
2103 1588 2330 1634 omues.
2369 1572 2505 1650 Quo
2539 1571 2727 1652 sacto,

584 1687 809 1750 iterum
866 1687 1193 1762 accumbit,
1243 1686 1596 1749 cantoribus
1647 1686 1905 1750 litanias
1959 1685 2432 1769 perficientibus.
2480 1685 2720 1765 Quibus

586 1800 791 1879 dictis,
821 1809 1087 1882 suryunt
1115 1818 1349 1877 omnes,
1382 1808 1436 1863 et
1466 1801 1793 1883 Pontifex,
1825 1801 2105 1881 deposita
2128 1802 2347 1878 mitra,
2376 1801 2525 1864 dicit
2554 1809 2729 1865 stans

585 1932 794 1978 versus
832 1915 916 1978 ad
951 1917 1154 1980 altare
1190 1936 1214 1978 .·
1258 1918 1552 1979 Oremus.
1588 1919 1672 1980 Et
1707 1917 1987 1980 ministri
2031 1937 2057 1979 .·
2100 1917 2458 1981 Flectamus
2489 1933 2726 1998 genua.

585 2033 652 2110 ις).
687 2032 937 2094 Levate.

670 2150 782 2224 Da,
808 2163 1205 2228 quaesumus
1234 2147 1529 2211 Ecclesiae
1553 2148 1706 2223 tuae,
1748 2146 2118 2210 misericors
2145 2150 2334 2223 Deus,
2372 2148 2449 2209 ut
2485 2145 2730 2227 Spiritu

588 2265 815 2327 Sancto
841 2262 1253 2344 congregata,
1293 2280 1516 2326 secura
1547 2263 1662 2327 tibi
1710 2262 2045 2327 devotione
2088 2264 2330 2328 servire
2366 2265 2694 2327 mereatur
2710 2280 2730 2343 3

590 2384 706 2443 Per
734 2377 1162 2441 Dominum...
1197 2377 1265 2440 in
1294 2378 1542 2442 unitate
1572 2378 1882 2460 ejusdem.
1912 2383 1977 2459 ις).
2010 2383 2241 2443 Amen.

668 2545 899 2609 Deinde
927 2545 1243 2627 Pontifex,
1273 2554 1526 2626 accepta
1549 2547 1764 2623 mitra,
1796 2546 2071 2610 ascendit
2100 2547 2185 2610 ad
2214 2545 2415 2610 sedem
2448 2546 2570 2610 sibi
2602 2566 2725 2628 pa-

587 2670 798 2726 ratam
822 2663 891 2724 in
908 2662 1110 2742 plano
1135 2663 1389 2740 altaris,
1415 2662 1511 2724 ita
1532 2669 1603 2724 ut
1626 2662 1697 2724 in
1718 2679 1792 2725 ea
1818 2661 2025 2725 sedens
2049 2661 2302 2725 dorsum
2328 2680 2511 2725 suum
2531 2670 2732 2727 vertat

588 2777 674 2841 ad
717 2779 940 2842 altare.
995 2781 1079 2841 Et
1122 2778 1387 2857 imponit
1414 2778 1733 2841 incensum
1776 2778 1846 2841 in
1885 2777 2268 2841 thuribulum
2310 2796 2480 2842 more
2520 2780 2727 2845 solito.

590 2893 906 2957 Diaconus
963 2892 1303 2956 dalmatica
1343 2893 1600 2955 indutus
1623 2939 1639 2970 ‚
1679 2892 2165 2972 praecedentibus
2218 2893 2630 2974 thuriferario
2678 2901 2737 2957 et

592 3008 829 3072 duobus
859 3008 1274 3091 ceroferariis,
1306 3015 1362 3070 et
1389 3007 1768 3070 subdiacono
1800 3009 2094 3072 tunicella
2124 3007 2371 3085 induto,
2404 3026 2738 3088 paramen-

595 3124 672 3188 tis
700 3123 927 3201 rubeis,
962 3123 1371 3188 bencdictione
1397 3129 1647 3204 accepta
1670 3141 1714 3187 a
1737 3124 2058 3205 Pontifice,
2087 3130 2299 3187 cantat
2337 3125 2405 3186 iu
2438 3125 2571 3186 loco
2589 3141 2732 3186 con-

591 3239 865 3302 venienti
891 3259 916 3301 .·

714 3432 1055 3515 Sequentia
1083 3432 1286 3496 sancti
1314 3432 1646 3515 Evangelii
1670 3439 1714 3511 -ι-
1745 3431 2104 3496 secundum
2135 3437 2372 3496 Lucam
2405 3433 2482 3511 (c.
2522 3434 2608 3510 9).

672 3612 745 3670 ln
776 3607 884 3670 illo
912 3609 1200 3689 tempore
1229 3628 1244 3671 z
1281 3609 1651 3672 Convocatis
1674 3613 1855 3673 Jesus
1883 3607 2227 3672 duodecim
2256 3606 2603 3689 ApostoliS,
2631 3606 2733 3671 de-

592 3721 688 3785 dit
710 3722 838 3786 illis
862 3723 1172 3799 virtutem
1210 3724 1275 3787 et
1302 3726 1680 3804 potestatem
1710 3741 1906 3804 super
1941 3723 2165 3788 omnia
2192 3722 2540 3800 daemonia,
2570 3724 2634 3786 et
2665 3722 2733 3785 ut

593 3837 933 3919 languores
961 3840 1288 3901 curarent.
1315 3842 1392 3901 Et
1432 3838 1612 3902 misit
1645 3839 1786 3901 illos
1826 3839 2172 3920 praedicare
2202 3855 2485 3920 regnum
2507 3836 2641 3915 Dei,
2673 3838 2736 3900 et

554 3982 558 3987 ·
592 3969 819 4016 sanare
847 3952 1164 4015 infirmos.
1192 3954 1269 4015 Et
1291 3953 1380 4015 ait
1407 3953 1487 4016 ad
1523 3955 1669 4016 illos
1704 3972 1721 4015 t
1753 3953 1929 4017 Nihil
1958 3953 2240 4017 tuleritis
2264 3953 2332 4016 in
2365 3954 2495 4031 via,
2522 3969 2731 4033 neque

590 4067 866 4149 virgam,
915 4085 1128 4150 neque
1177 4086 1426 4149 peram,
1473 4086 1685 4150 neque
1742 4085 2005 4149 panem,
2054 4086 2265 4150 neque
2315 4066 2662 4148 pecuniam
2704 4084 2721 4129 ε

594 4199 804 4264 neque
838 4182 1002 4246 duas
1038 4183 1291 4248 tunicas
1337 4184 1653 4248 habeatis.
1701 4186 1778 4247 Et
1821 4184 1890 4247 in
1929 4201 2412 4266 quamcumque
2459 4181 2725 4246 domum

593 4297 1012 4378 intraveritis,
1038 4299 1127 4362 ibi
1163 4301 1443 4378 manete,
1481 4301 1548 4363 et
1581 4298 1733 4364 inde
1779 4317 1865 4363 ne
1904 4299 2160 4364 exeatis.
2204 4300 2283 4363 Et
2321 4298 2717 4381 quicumque

594 4430 728 4477 non
757 4414 1115 4494 receperint
1155 4432 1289 4493 voS,
1332 4415 1636 4479 exeuntes
1680 4413 1759 4478 de
1793 4414 2050 4478 civitate
2086 4414 2221 4491 illa,
2265 4412 2463 4477 etiam
2494 4411 2713 4493 pulve-

596 4547 735 4593 rem
763 4528 1003 4611 pedum
1033 4531 1399 4594 vestrorum
1426 4529 1700 4594 excutite
1729 4529 1800 4592 in
1830 4528 2284 4593 testimonium
2324 4544 2521 4610 supra
2557 4527 2715 4590 illos.
