3038 5623
723 854 1003 901 NATURE
1064 853 1164 900 nu
1217 853 1519 902 coneum
1574 854 2033 904 Pnovmmu..
2360 839 2451 911 35

340 994 584 1060 efficere
620 1013 657 1059 a
688 995 1083 1077 longissimis
1112 995 1275 1060 citra
1302 995 1702 1077 temporibus
1730 998 2165 1063 anterioribus
2192 1002 2457 1082 nostris,

334 1113 394 1175 et
413 1110 596 1174 nobis
620 1111 878 1192 penitus
901 1111 982 1174 sit
1020 1110 1320 1192 adempta
1344 1111 1665 1175 facultas..
1680 1157 1695 1173 .
1721 1112 1791 1175 in
1820 1112 2110 1177 Ecclesiae
2132 1115 2457 1195 jacturam

339 1243 458 1289 non
488 1226 813 1290 modicam
853 1227 919 1290 et
960 1226 1256 1290 fidelium
1296 1225 1695 1290 animarum.
1734 1249 1766 1287 n
1815 1228 2059 1307 (coleti,
2097 1231 2256 1294 tom.
2293 1234 2454 1310 XIX,

332 1359 388 1421 p.
413 1343 576 1420 383.)

404 1459 517 1520 Les
539 1457 712 1520 actes
739 1455 852 1519 des
889 1456 1163 1520 eonciles
1205 1458 1270 1521 et
1307 1458 1400 1521 les
1439 1458 1663 1522 lettres
1701 1457 1811 1521 des
1842 1458 2121 1523 Pontifes
2168 1461 2457 1526 romains

344 1574 479 1634 sont
499 1570 772 1652 remplis
793 1570 872 1635 de
889 1588 993 1635 ces
1015 1571 1453 1655 temoignages
1473 1590 1589 1637 sur
1602 1573 2043 1654 l'importanoe
2063 1574 2176 1639 des
2190 1575 2462 1657 synodes

336 1686 743 1766 provinciaux
792 1687 856 1750 et
918 1704 1035 1750 sur
1080 1687 1174 1752 les
1217 1688 1597 1771 dommages
1645 1687 1759 1770 qui
1814 1688 2133 1752 resultent
2181 1688 2261 1752 de
2319 1691 2463 1756 leur

330 1802 656 1866 cessation.
703 1801 756 1865 Π
811 1820 977 1866 nous
1010 1803 1257 1866 semble
1294 1802 1530 1867 inutile
1572 1803 1722 1868 d’en
1765 1804 2138 1868 accumulet
2174 1804 2266 1868 les
2302 1805 2462 1871 cita-

333 1916 514 1997 tions;
549 1934 722 1980 nous
771 1917 995 1981 dirons
1023 1918 1384 1982 seulement
1423 1936 1584 2001 que,
1612 1918 1832 2001 quand
1868 1936 1952 1982 on
1990 1919 2082 1983 les
2122 1937 2161 1983 a
2189 1938 2467 2001 pareon—

337 2049 498 2111 rueS,
519 2050 615 2096 on
634 2050 721 2096 ne
753 2033 979 2096 trouve
1006 2033 1188 2113 point
1210 2032 1479 2115 exagere
1507 2034 1568 2097 le
1596 2033 1853 2096 tableau
1882 2034 2058 2114 plein
2086 2033 2167 2099 de
2194 2035 2467 2100 vivacite

335 2150 391 2211 et
409 2147 485 2211 de
502 2148 865 2211 sentiment
891 2166 1018 2230 que
1046 2151 1346 2212 Fernand
1374 2148 1678 2214 Mendoza
1713 2166 1877 2212 nous
1918 2164 1957 2211 a
1983 2148 2156 2212 trace
2183 2148 2263 2213 de
2291 2150 2463 2214 l'im·

331 2264 629 2343 portance
656 2262 768 2327 des
794 2263 1112 2327 conciles:
1224 2252 1229 2255 ’

408 2400 438 2437 α
468 2382 650 2442 Pour
697 2395 763 2441 se
791 2377 951 2442 faire
986 2395 1121 2441 une
1160 2376 1300 2440 idee
1336 2378 1533 2458 juste,
1567 2375 1663 2439 dit
1702 2377 1803 2440 cet
1824 2378 2078 2455 auteur,
2123 2375 2235 2440 des
2278 2378 2468 2442 fruits
2533 2362 2536 2366 ’

299 2492 684 2557 immenses
711 2510 839 2574 que
878 2492 942 2555 la
983 2491 1260 2574 religion
1312 2491 1505 2555 retire
1529 2489 1610 2555 de
1652 2508 1756 2554 ces
1806 2491 2183 2556 venerahles
2230 2510 2469 2556 assem-

326 2606 490 2673 blees
532 2609 650 2672 des
685 2601 974 2690 Eveques
1007 2609 1068 2671 et
1101 2607 1212 2670 des
1240 2607 1428 2671 Peres
1467 2606 1557 2669 du
1592 2608 1820 2688 peuple
1852 2607 2177 2686 chretien‚
2219 2609 2268 2671 il
2293 2609 2405 2691 n'y
2426 2626 2465 2672 a

325 2724 465 2806 qu'a
523 2742 914 2807 remarquer
957 2725 1051 2788 les
1080 2741 1307 2805 graves
1348 2723 1725 2804 dommages
1771 2724 2005 2806 qu'elle
2052 2724 2333 2805 eprouve
2386 2724 2464 2788 de

324 2840 467 2904 leur
494 2840 962 2921 interruption.
1005 2840 1355 2918 Justinien‚
1393 2840 1617 2920 prince
1652 2841 2013 2923 catholique
2058 2841 2123 2904 et
2158 2841 2336 2922 plein
2384 2840 2464 2905 de

338 2954 530 3036 pieni,
567 2956 662 3018 les
697 2955 958 3019 resume
1001 2955 1169 3018 ainsi
1202 2973 1220 3017 z
1257 2978 1290 3014 «
1328 2956 1396 3019 Si
1429 2955 1636 3045 civiles
1691 2955 1842 3034 leqes
1881 2972 2155 3036 quarum
2191 2964 2467 3036 potesta·-

324 3091 354 3129 ι
386 3080 511 3135 tem
540 3071 715 3134 nobis
735 3074 897 3135 Deus
914 3088 1033 3152 pro
1050 3087 1169 3134 sua
1188 3072 1255 3133 in
1273 3071 1546 3134 homines
1570 3069 1941 3150 beniqnitate
1966 3070 2228 3133 credidit
2250 3072 2464 3152 firmas

328 3207 357 3245 n
389 3189 457 3250 in
480 3186 770 3250 omnibus
800 3186 1107 3249 custodire
1131 3185 1468 3263 studemus,
1506 3192 1742 3266 quanto
1776 3186 1919 3265 plus
1946 3183 2138 3247 studii
2175 3184 2462 3250 adhibere

325 3321 356 3361 n
393 3303 681 3367 debemus
709 3304 879 3366 circa
923 3319 1246 3366 sacrorum
1273 3318 1583 3365 canonum
1612 3308 1667 3364 et
1694 3301 2059 3364 divinarum
2095 3302 2299 3383 leyum
2326 3317 2465 3365 cus-

329 3441 354 3474 n
392 3420 636 3483 todiam
656 3467 676 3497 ,
726 3435 868 3499 quae
912 3437 1096 3499 super
1144 3420 1341 3482 salute
1389 3425 1753 3481 nostrarum
1795 3417 2159 3479 animarum
2214 3416 2465 3500 definita

323 3555 353 3592 n
389 3535 591 3597 sunt?
648 3533 888 3614 Maj0ri
931 3534 1124 3613 iqitur
1171 3532 1663 3596 condemnationi
1712 3531 2027 3614 subjacent
2090 3533 2466 3596 sanctissimi

325 3668 358 3709 1>
397 3651 709 3731 Episcopi
741 3649 962 3730 quibus
1000 3648 1420 3712 concreditum
1459 3656 1514 3711 et
1559 3648 1950 3710 commissum
1989 3654 2159 3710 estet
2204 3665 2463 3711 canones

331 3783 360 3821 1>
394 3765 716 3846 inquirere
745 3771 802 3827 et
829 3781 1211 3841 conservare,
1245 3763 1490 3845 siquod
1516 3777 1730 3826 eorum
1755 3763 2245 3842 praetermissum
2269 3762 2466 3842 fuerit

326 3898 355 3936 »
389 3879 830 3942 indemnatum
860 3886 913 3942 et
949 3880 1323 3958 impunitum
1350 3878 1793 3959 reliquerint...
1825 3880 1989 3941 Sane
2028 3877 2253 3940 multos
2283 3893 2364 3939 σω
2397 3895 2465 3941 eo

329 4013 358 4051 ι)
394 3996 672 4057 maoeime
694 3994 1206 4074 deprehendimus
1230 3995 1299 4056 in
1316 4001 1568 4074 peccata
1579 3992 1772 4073 fuisse
1789 3993 2130 4072 prolapsos,
2154 3992 2320 4073 quod
2342 4011 2468 4056 non

331 4125 362 4165 t
398 4118 545 4173 sunt
564 4110 753 4191 factae
777 4109 1000 4188 synodi
1027 4109 1559 4172 sanctissimorum
1587 4107 1991 4172 sacerdotum
2004 4105 2203 4188 juxta
2231 4125 2303 4171 ea
2331 4123 2469 4189 quoe

330 4243 361 4280 υ
392 4241 435 4287 a
477 4225 715 4289 sanctie
754 4224 1064 4306 Apostolis
1106 4232 1164 4287 et
1213 4223 1510 4288 Patribus
1552 4223 1802 4305 definita
1841 4230 2007 4286 sunt.
2052 4224 2125 4287 Si
2164 4224 2329 4286 enim
2357 4224 2470 4287 hoc

332 4358 363 4396 n
400 4338 496 4419 sui
503 4347 622 4405 sset
661 4339 1086 4415 observatum,
1135 4338 1391 4420 quilibet
1417 4344 1686 4401 metuens
1722 4355 1971 4418 yravem
1996 4337 2064 4401 in
2093 4337 2327 4419 synodo
2368 4355 2470 4401 ac-

342 4474 371 4509 »
399 4458 802 4534 cinationem,
846 4455 1184 4519 studuisset
1219 4455 1430 4536 utique
1459 4460 1516 4517 et
1548 4469 1761 4517 sacras
1799 4454 2055 4517 ediscere
2085 4453 2377 4533 iiturqias
2411 4459 2468 4515 et

340 4587 373 4625 ι
405 4577 829 4652 temperanter
865 4572 1103 4650 vivere,
1131 4588 1208 4634 ne
1236 4569 1733 4634 condemnationi
1767 4568 2125 4633 divinomcm
2156 4581 2462 4632 canonum
