3038 5623
631 817 714 909 4‘1
730 838 773 907 2
1315 840 1738 918 QUAkaME
1794 858 2076 907 mann.

629 1003 800 1068 lium
841 999 1262 1085 provinciale,
1309 999 1479 1083 quod
1510 1000 1589 1066 de
1616 1003 1845 1067 caetero
1874 1001 2151 1084 singulis
2173 1000 2475 1067 trienniis
2498 1001 2733 1066 manda·

634 1136 807 1198 mus,
828 1118 910 1182 ad
937 1117 1179 1200 illaque
1197 1116 1391 1181 etiam
1415 1118 1743 1199 exemptos
1762 1117 2059 1183 accedere
2079 1116 2308 1182 debere
2336 1103 2740 1197 decernimus,

630 1233 972 1319 privilegio
995 1251 1069 1299 ac
1096 1232 1566 1300 consuetudine
1595 1250 2007 1318 quacumque
2025 1233 2346 1299 contraria
2365 1251 2499 1299 non
2526 1235 2744 1300 obstan·

633 1351 832 1416 tibus.
859 1371 891 1409 n

711 1466 903 1532 Enfin
948 1466 1008 1531 le
1053 1466 1296 1532 concile
1323 1465 1403 1532 de
1444 1467 1706 1544 Trente,
1740 1484 1889 1531 sans
1932 1467 2074 1531 rien
2104 1465 2392 1548 changer
2430 1465 2559 1532 ala
2590 1463 2745 1546 regie

632 1583 861 1648 etahlie
905 1599 1023 1665 par
1067 1581 1235 1658 Leon
1280 1586 1358 1662 X,
1388 1582 1557 1647 mais
1590 1583 1862 1647 voulant
1896 1600 1976 1647 en
2023 1600 2276 1665 presser
2305 1580 2673 1646 l’exeeution
2698 1582 2749 1643 et

631 1698 885 1764 decider
928 1698 1020 1763 165
1064 1713 1171 1761 cas
1215 1697 1587 1780 principaux
1628 1699 1741 1782 qui
1771 1697 2127 1779 pouvaient
2153 1697 2424 1763 devenir
2450 1696 2744 1778 litigieun

632 1812 850 1879 rendit
868 1815 929 1878 16
952 1812 1167 1878 decret
1194 1813 1477 1891 suivant,
1509 1814 1624 1897 qui
1647 1815 1746 1879 est
1762 1831 1995 1879 encore
2020 1815 2083 1878 la
2121 1813 2476 1896 principale
2503 1813 2646 1876 base
2673 1810 2751 1874 du

630 1929 803 1994 droit
843 1948 960 1994 sur
998 1929 1092 1995 les
1124 1930 1398 1995 conciles
1430 1930 1869 2012 provinciaux,
1914 1931 1979 1995 et
2001 1948 2127 2013 que
2156 1948 2325 1995 nous
2348 1946 2590 1994 aurons
2615 1945 2750 1992 sou-

631 2044 849 2110 venta
876 2046 1039 2110 citer
1072 2064 1090 2110 ε
1565 2055 1582 2113 ,ἢ

723 2184 755 2223 α
782 2162 1199 2227 provincialia
1220 2162 1515 2240 concilia,
1538 2161 1741 2227 sicubi
1767 2162 2004 2227 omissa
2026 2161 2201 2241 sunt,
2225 2178 2342 2243 pro
2366 2159 2757 2226 moderandis

632 2279 950 2359 moribuS,
979 2278 1377 2361 corrigendis
1405 2278 1785 2357 excessibuS,
1810 2278 2266 2343 controversiis
2289 2276 2756 2359 componendis,

632 2394 906 2476 aliisque
947 2411 1021 2457 ex
1054 2393 1251 2458 sacris
1293 2394 1655 2459 canonibus
1696 2394 2045 2476 permissiS,
2092 2396 2517 2459 renoventur.
2567 2397 2760 2471 Quare

632 2509 1101 2591 Metropolitani
1162 2527 1276 2591 per
1327 2509 1603 2591 seipsoS‚
1660 2528 1769 2575 seu
1794 2559 1815 2590 ,
1887 2510 2014 2574 illis
2060 2509 2351 2592 legitime
2403 2507 2758 2590 impeditiS,

632 2623 1042 2706 coepiscopus
1094 2625 1445 2707 antiquior,
1492 2626 1664 2690 intra
1706 2643 1960 2690 annum
1989 2624 2071 2690 ad
2112 2625 2334 2689 minus
2370 2642 2409 2688 a
2452 2625 2585 2689 fine
2617 2640 2763 2705 prae·

632 2740 832 2804 sentis
888 2739 1167 2820 concilii,
1215 2741 1281 2804 et
1330 2741 1546 2805 deinde
1584 2741 1851 2825 quolibet
1890 2742 2110 2806 saltem
2152 2741 2443 2821 triennio,
2486 2741 2627 2823 post
2663 2757 2762 2803 oc-

634 2857 849 2920 tavam
877 2844 1130 2922 Paschae
1168 2858 1677 2922 Resurrectionis
1703 2858 1961 2922 Domini
2005 2859 2237 2935 nostri,
2277 2875 2392 2922 seu
2434 2857 2564 2921 alio
2600 2873 2765 2921 com-

633 2970 908 3036 modiori
960 2973 1089 3036 tem
1098 2989 1249 3054 pore
1302 2989 1418 3054 pro
1469 2990 1656 3038 more
1713 2973 2082 3054 provinciae,
2142 2991 2274 3038 non
2333 2971 2769 3055 praetermittat

632 3087 955 3170 synodum
1003 3089 1070 3153 in
1127 3088 1456 3170 provincia
1510 3106 1630 3153 sua
1678 3106 1941 3170 cogere,
1989 3107 2119 3174 quo
2170 3088 2458 3172 Episcopi
2510 3104 2766 3164 omnes,

632 3205 697 3269 et
742 3204 852 3268 alii
895 3204 1010 3287 qui
1054 3204 1132 3269 de
1173 3206 1323 3286 jure
1371 3205 1475 3268 vel
1515 3204 1984 3271 consuetudine
2014 3206 2335 3270 interesse
2377 3204 2615 3268 debent
2644 3205 2766 3282 (ex-

632 3319 830 3400 ceptis
864 3318 944 3383 iis
993 3320 1233 3402 quibus
1278 3337 1433 3384 cum
1487 3320 1858 3385 imminenti
1902 3320 2186 3402 periculo
2215 3316 2767 3384 transfretandum

632 3435 864 3513 esset),
924 3435 1270 3501 convenire
1324 3435 1597 3500 omnino
1650 3438 2018 3502 teneantur.
2082 3458 2113 3497 n
2172 3439 2369 3515 (Sess.
2422 3443 2536 3515 24,
2592 3451 2652 3500 6.
2706 3437 2767 3508 2,

633 3547 711 3612 de
768 3549 933 3628 Res.)

721 3686 752 3725 α
781 3666 833 3729 n
877 3665 1015 3730 faut
1043 3684 1448 3750 remarquer,
1497 3668 1593 3733 dit
1629 3673 1920 3752 Fagnan‚
1954 3670 2013 3735 le
2064 3670 2200 3734 mot
2246 3670 2470 3734 saltem
2508 3667 2665 3732 dont
2706 3680 2770 3728 se

632 3801 669 3841 n
699 3783 830 3846 sert
867 3782 927 3846 le
974 3782 1145 3848 saint
1183 3784 1452 3850 concile.
1492 3785 1662 3850 Cette
1712 3785 2074 3867 expression
2130 3785 2247 3849 fait
2290 3783 2600 3853 entendre
2647 3795 2770 3864 que

631 3918 662 3958 n
693 3898 754 3961 16
783 3896 1248 3980 Metropolitain
1278 3900 1433 3981 peut
1480 3918 1848 3984 convoquer
1893 3901 1954 3966 le
2004 3899 2242 3983 synode
2293 3899 2615 3982 plusieurs
2653 3893 2768 3960 fois

630 4035 660 4071 ιι
696 4013 980 4094 pendant
1029 4014 1119 4079 les
1167 4013 1322 4079 trois
1374 4033 1492 4079 ans
1549 4034 1715 4098 pour
1767 4034 1860 4080 un
1931 4016 2121 4081 motis
2169 4014 2577 4080 raisonnable
2597 4033 2619 4094 3
2687 4009 2763 4073 de

631 4148 666 4187 n
699 4127 915 4194 meme
959 4129 1256 4213 qu'apres
1304 4130 1365 4196 le
1411 4129 1626 4196 decret
1664 4131 1757 4196 du
1804 4130 2069 4197 sixieme
2110 4131 2354 4197 concile
2406 4125 2761 4196 oecumeni-

631 4263 662 4302 ι)
699 4261 849 4325 que,
894 4243 942 4307 il
989 4247 1250 4327 pouvait
1292 4246 1353 4312 le
1404 4247 1633 4312 reunir
1684 4247 1853 4313 deux
1901 4247 2021 4313 fois
2068 4265 2187 4330 par
2227 4265 2313 4311 an
2371 4248 2473 4312 s’il
2512 4265 2553 4329 y
2598 4240 2768 4309 avait

631 4379 663 4417 ι»
700 4356 1028 4423 necessite.
1064 4366 1227 4442 »(1n
1275 4370 1302 4424 1
1362 4365 1526 4446 part.
1577 4371 1612 4426 5
1661 4364 1705 4428 l.
1758 4363 1995 4430 decret.
2047 4363 2125 4430 de
2174 4366 2429 4442 AccuS.,
2476 4382 2532 4429 c.
2578 4361 2760 4427 Sicut

634 4465 808 4545 olim,
838 4484 907 4529 n.
943 4469 1069 4546 22.)
