3038 5623
655 765 796 835 284
1340 764 1723 831 ’1301511333
1767 782 2046 832 PAR-rm.

648 942 860 989 sorem
888 941 1023 989 esse
1050 923 1217 990 beati
1245 922 1409 991 Petri
1426 972 1444 1002 ,
1486 922 1835 988 habentem
1868 941 2213 1006 supremam
2239 924 2671 989 auctoritatem
2698 924 2766 989 in

654 1042 927 1106 Ecclesia
955 1042 1143 1107 Dei.»

726 1161 809 1223 Le
846 1157 1059 1221 meme
1086 1156 1190 1221 Pie
1212 1160 1320 1236 VI,
1350 1155 1509 1221 (1335
1542 1174 1610 1220 53
1638 1155 1907 1239 reponse
1935 1160 2133 1239 Super
2165 1158 2585 1233 nunciatur-is,
2613 1158 2769 1223 s'ex·

538 1273 544 1278 '
644 1274 852 1359 prime
884 1274 1087 1339 ainsi:
1129 1274 1417 1338 «Veritas
1448 1291 1484 1338 e
1518 1272 1836 1355 dogmatis
1866 1273 2041 1338 fonte
2074 1273 2372 1356 profecta,
2409 1272 2771 1355 primatum

599 1461 603 1466 ⁴
645 1390 888 1456 summi
912 1391 1228 1455 Pontificis
1250 1389 1562 1455 divinitus
1584 1390 2051 1455 institutum...
2083 1391 2523 1455 auctoritatem
2550 1408 2771 1456 secum

641 1508 808 1573 ferre
838 1507 1154 1586 stabilem,
1187 1509 1580 1590 perpetuam,
1613 1508 1891 1571 numeris
1920 1508 2201 1571 omnibus
2231 1507 2605 1586 absolutam,
2638 1526 2769 1589 pas-

637 1624 844 1700 cendi,
880 1623 1145 1706 regendi
1180 1625 1246 1689 et
1270 1623 1657 1705 pubernandi
1693 1624 1823 1687 tam
1854 1625 2116 1707 populos
2143 1642 2340 1709 quam
2371 1625 2761 1707 populorum

644 1741 810 1824 ipsos
838 1742 1143 1824 pastoreS,
1179 1740 1417 1823 absque
1445 1740 1582 1804 ulla
1608 1739 1916 1821 temporis
1944 1741 2412 1806 constitutione.
2436 1764 2471 1802 »

723 1860 835 1919 Les
879 1856 1057 1921 titres
1088 1848 1379 1939 d'Eglise,
1422 1859 1586 1919 mere
1627 1864 1683 1919 et
1713 1859 2027 1920 maitrcssc
2063 1856 2133 1919 de
2171 1865 2362 1920 toules
2403 1857 2485 1920 les
2530 1857 2766 1937 eylises,

641 1955 975 2054 d’E'veque,
996 1974 1147 2052 pere
1175 1978 1227 2035 et
1250 1971 1498 2036 doclcur
1527 1970 1605 2034 de
1634 1972 1776 2036 tous
1802 1971 2167 2050 lesfideleS,
2200 1972 2562 2053 expriment
2590 1970 2770 2056 equi-

637 2089 1033 2153 valemment
1056 2088 1365 2152 l’autorilc
1384 2088 1848 2169 monarchique,
1880 2088 2154 2171 puisque
2184 2088 2326 2152 tous
2354 2090 2498 2152 sont
2524 2087 2767 2171 obliges

636 2204 878 2269 d'obeir
914 2204 952 2267 a
989 2205 1049 2268 la
1080 2204 1257 2269 mere
1301 2206 1365 2269 et
1404 2203 1441 2269 a
1476 2205 1542 2269 la
1581 2204 1910 2269 maitresse
1950 2204 2027 2269 de
2065 2206 2230 2283 1035,
2273 2222 2356 2268 33
2393 2204 2541 2287 pere
2581 2207 2647 2269 et
2683 2223 2763 2270 au

638 2322 903 2386 docteur
922 2320 1000 2385 de
1024 2323 1193 2400 1035,
1212 2323 1424 2405 etque
1449 2322 1610 2386 dans
1634 2322 1867 2387 l’ordre
1893 2321 2184 2404 spirituel
2208 2320 2257 2384 il
2278 2323 2373 2385 est
2394 2321 2763 2403 impossible

636 2436 715 2502 (13
750 2438 1083 2502 concevoir
1116 2456 1247 2502 une
1288 2439 1432 2519 plus
1470 2437 1714 2520 grande
1753 2436 2119 2501 obeissance
2157 2455 2280 2518 que
2321 2436 2477 2500 celle
2515 2437 2629 2520 qui
2672 2438 2763 2500 est

640 2553 766 2618 (133
812 2572 895 2618 au
927 2554 1076 2635 pere
1107 2555 1456 2633 universel,
1506 2553 1545 2617 a
1578 2554 1642 2617 13
1674 2552 1852 2618 mere
1885 2554 2266 2618 universelle
2303 2551 2379 2617 de
2417 2553 2595 2617 toute
2633 2545 2759 2617 ΓΕ-

638 2670 817 2751 glise,
867 2687 950 2734 au
983 2669 1183 2752 siege,
1227 2686 1313 2734 au
1343 2670 1608 2735 Pastcur
1639 2669 1753 2753 qui
1791 2688 1829 2734 3
1861 2669 2131 2753 pouvoir
2155 2668 2554 2751 d’enseigner
2588 2671 2761 2735 toute

643 2778 915 2869 l'Eglise.

714 2907 821 2983 Or,
852 2921 977 2987 que
1006 2904 1255 2986 l'Eglise
1284 2903 1361 2969 (13
1389 2909 1585 2969 Rome
1613 2905 1738 2969 soit
1765 2913 1961 2969 mater
1988 2912 2044 2969 et
2066 2904 2389 2987 maqislra,
2419 2905 2568 2969 3113
2597 2909 2760 2987 Pape

550 3072 555 3077 .
625 3027 811 3101 pater
847 3027 904 3083 et
935 3019 1145 3084 doctor
1184 3038 1348 3103 pour
1378 3021 1525 3086 tous
1562 3038 1710 3086 sans
1746 3021 2098 3103 exception,
2136 3021 2288 3086 c’est
2320 3038 2392 3085 33
2427 3020 2541 3103 qui
2582 3038 2620 3085 3
2661 3018 2757 3085 ete

543 3191 548 3195 .
634 3136 1078 3218 parcillement
1102 3136 1343 3201 defini:

713 3252 962 3316 Concile
999 3252 1444 3335 oecumenique
1480 3253 1558 3317 de
1593 3256 1854 3327 Latran,
1901 3253 2086 3337 chap.
2132 3263 2210 3317 ὅτ
2254 3274 2376 3319 (ι...
2399 3257 2756 3318 Romanam

633 3367 1000 3446 Ecclesiam,
1032 3386 1174 3450 quae
1202 3367 1576 3449 disponente
1608 3370 1880 3434 Domino
1909 3388 2104 3453 super
2133 3387 2360 3434 omnes
2399 3369 2553 3433 alias
2591 3368 2759 3433 ordi-

635 3482 832 3547 nariae
854 3484 1174 3564 potestatis
1203 3484 1447 3549 obtinet
1470 3485 1927 3568 principatum,
1955 3488 2170 3570 utpote
2203 3487 2409 3552 mater
2431 3484 2757 3550 universo·

633 3617 783 3664 rum
813 3599 1044 3664 Christi
1072 3599 1363 3664 fidelium
1392 3603 1456 3666 et
1481 3603 1867 3684 magistra...
1892 3626 1926 3664 »

710 3715 956 3779 Concile
993 3715 1439 3799 oecumenique
1470 3717 1548 3783 (13
1576 3720 1916 3783 Florence:
1958 3740 1990 3779 (ι
2010 3718 2443 3784 Definimus...
2492 3718 2751 3785 Pontifi-

496 3825 500 3828 ’
630 3849 773 3896 cem
800 3837 1241 3897 Romanum...
1277 3834 1580 3900 omnium
1609 3835 2113 3900 christianorum
2144 3837 2390 3918 patrem
2422 3852 2497 3900 ac
2533 3835 2752 3899 docto-

633 3967 773 4013 rem
807 3949 1094 4014 existere.
1119 3972 1150 4008 ι)

709 4065 957 4129 Concile
995 4065 1444 4150 oecumenique
1478 4066 1555 4131 de
1579 4068 1834 4132 Trente.
1866 4104 1948 4114 —
1982 4068 2031 4132 11
2062 4067 2276 4133 donne
2309 4069 2534 4150 quatro
2568 4066 2688 4130 fois
2719 4063 2756 4129 3

628 4179 879 4262 l'Eglise
910 4183 1199 4248 romaine
1228 4185 1288 4248 le
1326 4183 1470 4249 titre
1503 4183 1583 4247 (13
1617 4184 1795 4248 mere
1823 4183 1992 4248 etde
2030 4183 2387 4263 maltressc,
2424 4184 2651 4247 matris
2683 4199 2756 4245 ac

633 4297 971 4376 maqistrae.

713 4419 776 4475 2⁰
823 4414 1008 4479 Selon
1036 4416 1127 4480 les
1158 4415 1470 4482 decisions
1497 4417 1576 4482 de
1606 4417 1712 4483 Pie
1731 4421 1832 4494 VI,
1868 4417 1928 4481 13
1958 4417 2104 4481 titre
2137 4415 2349 4481 meme
2378 4413 2458 4479 (13
2493 4431 2751 4479 monar-
