3038 5623
430 847 731 895 CONCILE
777 849 991 896 PROV.
1037 847 1176 894 PAR
1216 848 1542 894 RAPPORT
1572 846 1672 894 ΛΠ
1708 833 2193 895 8ΛῙΝΤ-51Ε6Ε.
2303 826 2444 897 343

311 1007 472 1071 pape
514 991 769 1055 Zosime
814 990 1157 1055 lui-meme
1194 990 1487 1056 ecrivant
1512 1009 1639 1055 aux
1667 991 1953 1074 Eveques
1981 990 2335 1073 d’Afrique,
2363 1008 2448 1059 au

303 1107 470 1187 sujet
498 1106 580 1170 de
607 1106 836 1188 l’appel
863 1106 942 1170 de
970 1105 1274 1170 celestius
1307 1125 1326 1170 ε

389 1242 421 1280 α
453 1222 769 1297 Quamvis
812 1223 1077 1285 Patrum
1119 1221 1379 1285 traditio
1418 1221 1777 1303 apostolicae
1818 1221 1964 1285 Sedi
2002 1221 2448 1286 auctoritatem

301 1336 551 1399 tantam
590 1335 921 1415 tribuerit,
967 1337 1044 1399 ut
1085 1335 1166 1400 de
1203 1339 1347 1418 ejus
1386 1335 1633 1417 judicio
1675 1335 2029 1417 disceptare
2072 1336 2298 1400 nullus
2339 1354 2453 1401 an-

302 1448 507 1527 deret,
542 1450 738 1532 idque
779 1469 896 1532 per
929 1468 1212 1515 canones
1249 1469 1509 1531 semper
1552 1452 1938 1533 regulasque
1968 1451 2320 1515 servaverit
2328 1496 2447 1515 .....

301 1566 577 1628 Tantam
599 1565 783 1629 enim
804 1565 958 1629 huic
980 1565 1267 1646 apostolo
1293 1565 1485 1643 (saint
1511 1565 1747 1643 Pierre)
1769 1567 2079 1630 canonica
2097 1566 2450 1648 antiquitas

302 1696 419 1760 per
447 1679 802 1744 sententias
842 1679 1145 1742 omnium
1183 1679 1390 1743 voluit
1418 1697 1557 1743 esse
1595 1680 1975 1761 potentiam,
2009 1699 2087 1746 ex
2117 1681 2255 1763 ipsa
2290 1698 2450 1763 quo-

301 1811 426 1877 que
454 1795 693 1859 Christi
742 1795 852 1859 Dei
902 1795 1105 1858 nostri
1143 1794 1595 1875 promissione,
1633 1796 1710 1858 ut
1743 1796 1809 1859 et
1836 1796 2033 1877 ligata
2078 1797 2352 1861 solveret
2389 1798 2455 1862 et

300 1910 513 1973 soluta
537 1909 813 1974 vinciret
821 1955 942 1973 .....
977 1910 1181 1973 Habet
1213 1910 1394 1973 enim
1425 1910 1560 1990 ipse
1599 1910 1796 1991 (saint
1828 1912 2092 1991 Pierre),
2134 1930 2286 1976 cum
2315 1929 2454 1975 om-

301 2024 492 2089 nium
525 2023 973 2102 ecclesiarum,
1003 2026 1146 2087 tum
1194 2025 1392 2106 hujus
1419 2027 1701 2091 maxime
1744 2027 1856 2090 ubi
1902 2027 2153 2092 sederat
2177 2045 2448 2109 curam3

300 2158 421 2205 nec
455 2141 705 2221 patitur
744 2139 991 2221 aliquid
1022 2140 1339 2223 privileg-ii
1368 2143 1485 2205 aut
1525 2142 1743 2224 aliqua
1782 2141 2063 2206 titubare
2106 2159 2267 2205 aura
2306 2159 2449 2206 sen-

296 2257 546 2334 tentiae,
571 2255 679 2321 cui
714 2256 854 2336 ipsa
881 2255 982 2319 sui
1006 2256 1296 2320 nominis
1319 2257 1513 2320 firma
1534 2258 1601 2320 et
1623 2256 1823 2320 nullis
1844 2257 2137 2320 hebetata
2163 2258 2449 2321 motibus

295 2371 634 2436 constituit
662 2370 1111 2448 fundamenta,
1137 2372 1203 2435 et
1221 2389 1366 2452 quae
1386 2371 1526 2435 sine
1551 2390 1668 2435 suo
1692 2372 1978 2453 periculo
1999 2372 2222 2435 nullus
2245 2371 2450 2435 inces-

296 2487 414 2549 sat.
454 2489 623 2548 Cum
661 2502 818 2566 ergo
847 2486 1040 2549 tantae
1062 2484 1461 2549 auctoritatis
1490 2488 1711 2549 Petrus
1739 2487 1931 2567 caput
1954 2487 2061 2561 sit,
2086 2488 2151 2551 et
2178 2504 2448 2570 sequen-

297 2601 383 2665 tia
426 2600 738 2664 omnium
781 2602 1108 2681 majorum
1159 2600 1370 2663 studia
1417 2600 1802 2679 firmaverit,
1854 2602 2095 2664 uttam
2141 2600 2449 2665 humanis

294 2735 497 2799 quam
543 2715 786 2779 divinis
813 2716 1066 2797 legibus
1107 2716 1171 2779 et
1209 2714 1563 2796 disciplinis
1610 2716 1914 2780 omnibus
1971 2716 2271 2781 firmetur
2316 2722 2445 2781 Ro·-

292 2850 492 2896 mana
525 2832 829 2910 Ecclesia,
874 2833 1064 2912 cujus
1107 2831 1324 2894 locum
1371 2848 1488 2895 nos
1516 2850 1765 2913 regere,
1804 2831 2007 2913 ipsius
2038 2851 2297 2915 quoque
2339 2850 2447 2913 po-

292 2949 595 3012 testatem
642 2946 934 3010 nominis
962 2945 1252 3009 obtinere
1283 2963 1414 3010 non
1453 2947 1609 3010 latet
1644 2964 1783 3025 VOS,
1822 2948 1929 3011 sed
1959 2948 2185 3027 nostia,
2213 2948 2444 3010 fratres

290 3062 642 3139 carissimi,
673 3062 737 3125 et
764 3060 1321 3152 quemadmodum
1344 3060 1701 3125 sacerdotes
1725 3061 1886 3125 scire
1908 3061 2149 3124 debetis
2172 3079 2190 3122 ε
2216 3061 2439 3125 tamen

295 3197 453 3242 cum
501 3179 765 3240 tantum
808 3175 994 3240 nobis
1041 3176 1204 3239 esset
1250 3175 1679 3255 auctoritatiS,
1723 3177 1797 3238 ut
1834 3176 2055 3239 nullus
2092 3175 2172 3239 de
2220 3178 2441 3241 nostra

290 3295 495 3375 possit
535 3293 886 3356 retractare
921 3290 1264 3362 sententia,
1309 3290 1478 3352 nihil
1510 3290 1768 3370 egimus
1804 3289 1974 3371 quod
2003 3308 2137 3354 non
2179 3290 2261 3354 ad
2297 3309 2440 3356 ves-

289 3412 466 3473 tram
497 3407 800 3472 notitiam
843 3405 1015 3469 ultro
1052 3404 1282 3468 litteris
1324 3404 1742 3469 referremus.
1782 3426 1814 3463 ι)
1871 3408 2059 3484 (Dom
2103 3408 2438 3486 Constant,

287 3541 443 3606 pag.
475 3526 646 3600 974.)

371 3637 560 3701 Ainsi
587 3637 717 3699 l'an
757 3644 874 3699 418
907 3653 1006 3699 un
1036 3642 1200 3716 Pape
1226 3634 1389 3699 ecrit
1417 3647 1545 3697 aux
1570 3632 1859 3716 Eveques
1901 3632 2237 3715 d'Afrique
2277 3634 2438 3716 qu‘il

286 3769 327 3816 a
355 3753 415 3816 le
452 3751 726 3833 pouvoir
768 3751 849 3815 de
885 3753 1079 3833 juger
1116 3752 1210 3814 les
1250 3767 1474 3814 causes
1511 3748 2022 3831 eeclesiastiques
2068 3747 2158 3811 du
2193 3747 2434 3812 monde

283 3866 523 3945 entier,
571 3868 637 3931 et
674 3885 803 3948 que
842 3868 927 3930 ce‘
962 3865 1235 3947 pouvoir
1264 3865 1359 3928 est
1400 3865 1512 3944 tel,
1555 3882 1683 3947 que
1721 3863 1841 3927 nul
1867 3863 2040 3925 n'ose
2090 3864 2317 3926 mettre
2349 3880 2433 3927 en

284 3983 594 4065 question
636 3983 701 4045 la
741 3982 970 4045 valeur
996 3981 1073 4044 de
1114 3998 1215 4044 ses
1255 3978 1572 4044 decisions
1601 3980 1666 4042 et
1710 3978 1789 4042 de
1827 3994 1927 4076 ses
1971 3977 2326 4055 sentences,
2365 3977 2438 4042 de

284 4097 419 4179 ejus
437 4096 686 4179 judicio
715 4097 932 4160 nullus
972 4097 1311 4176 disceptare
1335 4093 1614 4168 auderet,
1648 4094 1859 4156 nullus
1888 4092 1960 4155 de
1987 4100 2205 4155 nostra
2227 4093 2432 4172 possit

280 4219 635 4276 retractare
659 4211 982 4275 sententia.
1015 4213 1091 4275 Et
1123 4229 1209 4274 en
1232 4210 1421 4273 vertu
1449 4208 1531 4273 de
1566 4208 1720 4291 quoi
1762 4207 2225 4272 s'attribue—t·il
2264 4208 2434 4273 ainsi

283 4344 365 4391 en
390 4326 533 4390 face
555 4325 646 4389 du
676 4324 915 4389 monde
939 4325 1149 4389 entier
1182 4342 1255 4388 ce
1278 4322 1583 4405 supreme
1627 4322 1918 4403 pouvoir‚
1953 4322 2070 4404 qui
2106 4323 2434 4387 renferme

279 4442 342 4506 et
369 4459 457 4506 au
485 4438 635 4504 dela
676 4439 845 4503 celui
894 4438 975 4503 de
1017 4438 1303 4503 recevoir
1341 4439 1483 4503 tout
1508 4438 1698 4518 appel
1743 4437 1808 4501 et
1848 4436 1930 4501 de
1962 4438 2175 4518 porter
2198 4438 2262 4501 la
2289 4455 2432 4502 sen-

283 4556 473 4644 tence
512 4552 898 4618 definitive?
925 4557 1019 4617 En
1060 4554 1250 4618 vei-tu
1293 4552 1374 4622 de
1415 4554 1479 4618 la
1519 4570 1846 4634 promesse
1875 4552 1956 4616 de
1984 4552 2432 4629 Jews-Christ,
