3038 5623
581 763 725 832 576
1272 764 1691 841 Quumiffln
1739 782 2016 829 marn-3.

580 928 812 991 notarii
845 945 1007 1010 quos
1045 926 1124 990 ad
1162 926 1570 990 recitandum
1607 925 1711 990 vel
1743 924 2194 1006 excipiendum
2228 924 2384 989 ordo
2419 924 2712 1007 requirit,

575 1045 642 1107 et
668 1042 1304 1124 obserenturjanuae.
1340 1041 1767 1123 sedentesque
1797 1040 1867 1103 in
1891 1040 2201 1105 diuturno
2226 1040 2481 1104 silentio
2511 1057 2714 1104 sacer-

572 1157 779 1233 doteS‚
811 1159 875 1220 et
900 1176 1010 1220 cor
1037 1157 1245 1219 totum
1275 1155 1353 1219 ad
1380 1161 1582 1219 Deum
1613 1156 1958 1234 habentcS,
1986 1155 2156 1219 dicat
2183 1155 2711 1220 archidiaconus:

583 1274 795 1337 Orate.
835 1272 1189 1354 Statimque
1226 1289 1453 1335 omnes
1491 1271 1561 1334 in
1597 1272 1771 1334 terra
1806 1271 2331 1352 prostrabuntur,
2368 1271 2433 1334 et
2461 1271 2715 1334 orantes

578 1388 823 1452 diutius
853 1387 1038 1452 tacite
1068 1405 1221 1451 curn
1248 1386 1505 1450 fletibus
1534 1387 1726 1468 atque
1757 1386 2126 1467 gemitibus,
2159 1404 2332 1450 unus
2363 1404 2441 1450 ex
2467 1385 2717 1467 Episco-

581 1506 678 1586 pis
725 1503 1087 1568 senioribus
1134 1519 1409 1583 surgens
1451 1501 1815 1564 orationem
1857 1502 2072 1582 palam
2109 1499 2341 1564 fundat
2382 1500 2463 1564 ad
2503 1501 2718 1564 Domi-

583 1638 772 1694 num,
809 1618 1056 1681 cunctis
1090 1616 1301 1680 adhuc
1339 1616 1408 1679 in
1439 1618 1609 1680 terra
1631 1616 2017 1697 jacentibus.
2063 1615 2274 1679 Finita
2305 1616 2620 1694 oratione,
2656 1614 2719 1679 et

583 1751 884 1814 responso
908 1733 989 1796 ab
1012 1731 1320 1796 omnibus
1340 1731 1558 1806 Amen,
1585 1749 1811 1795 rursus
1831 1731 1999 1795 dicat
2020 1731 2512 1795 archidiaconus
2532 1750 2549 1793 ε
2572 1731 2720 1795 Eri-

576 1849 702 1929 gite
736 1866 875 1917 vos,·
920 1849 983 1911 et
1015 1847 1353 1911 confestim
1385 1863 1613 1909 omnes
1644 1847 1937 1928 surgant,
1977 1847 2044 1910 et
2076 1863 2229 1910 cum
2266 1845 2450 1909 omni
2486 1844 2717 1909 timore

580 1961 691 2026 Dei
720 1963 784 2025 et
810 1961 1145 2043 disciplina
1176 1963 1313 2025 tam
1342 1961 1628 2043 Episcopi
1658 1979 1855 2044 qnam
1881 1961 2234 2043 presbyteri
2263 1961 2549 2024 sedeant.
2590 1961 2718 2025 Sic-

581 2095 707 2159 que
734 2078 1038 2141 omnibns
1062 2078 1128 2140 in
1157 2077 1291 2141 suis
1309 2077 1464 2141 locis
1493 2077 1563 2140 in
1591 2076 1848 2140 silentio
1871 2075 2382 2153 considentibus,
2409 2075 2718 2139 diaconus

581 2194 728 2257 alba
750 2191 1016 2255 indutus
1045 2191 1330 2256 codicem
1354 2210 1683 2255 canonum
1707 2191 1777 2254 in
1803 2191 2022 2255 medio
2050 2192 2411 2272 proferenS,
2441 2190 2721 2271 capitula

579 2308 659 2373 de
689 2308 975 2372 conciliis
1009 2307 1274 2390 agendis
1304 2308 1701 2388 pronuntiet,
1733 2306 2063 2388 finitisque
2093 2306 2322 2386 titulis,
2350 2305 2718 2387 Metropoli-

582 2425 773 2487 tanus
801 2424 1141 2504 Episcopus
1170 2422 1523 2486 concilium
1550 2422 1916 2504 alloquatur
1941 2421 2202 2484 dicens:
2237 2424 2429 2500 Eece,
2460 2422 2719 2485 sanctis·

581 2540 726 2602 simi
748 2538 1109 2611 sacerdotes,
1137 2537 1408 2601 recitatae
1433 2545 1582 2599 sunt
1606 2555 1684 2599 ex
1708 2536 2046 2601 canonibus
2069 2544 2434 2601 sanctorum
2453 2540 2721 2601 Patrum

581 2655 892 2718 sententiae
923 2655 993 2716 de
1022 2654 1283 2717 concilio
1313 2653 1676 2717 celebrando
1700 2676 1721 2716 .-
1750 2654 1806 2716 εἰ
1834 2671 1960 2735 qua
1989 2653 2190 2734 iqitur
2215 2653 2569 2736 quempiam
2595 2669 2722 2716 ves-

587 2777 747 2833 trum
778 2769 942 2833 actio
974 2775 1327 2847 commovet,
1359 2785 1571 2832 coram
1601 2768 1729 2832 suis
1758 2768 2063 2852 fratribus
2081 2776 2426 2850 proponat.
2462 2772 2643 2833 Tunc
2671 2766 2723 2831 si

585 2883 818 2966 aliquis
864 2900 1347 2965 quamcumque
1387 2884 1717 2965 querelam
1761 2902 1907 2966 quae
1949 2886 2174 2948 contra
2210 2902 2530 2948 canonem
2567 2882 2722 2964 agit,

586 3001 655 3064 in
678 3000 1006 3082 audientia
1032 2998 1404 3062 sacerdotali
1423 3000 1783 3080 protulerit,
1814 3019 1947 3064 non
1976 3000 2156 3082 prius
2186 3000 2268 3062 ad
2309 2999 2487 3063 aliud
2518 3000 2730 3061 trans-

583 3118 771 3181 eatur
802 3115 1181 3196 capitulum,
1213 3114 1337 3178 nisi
1360 3113 1650 3195 primum
1682 3132 1827 3197 quae
1851 3116 2170 3196 proposita
2197 3116 2293 3179 est
2314 3113 2476 3178 actio
2503 3113 2729 3177 termi-

586 3233 799 3296 netur.
843 3234 1007 3293 Nam
1048 3229 1164 3292 etsi
1207 3229 1543 3310 presbyter
1583 3229 1843 3312 aliquiS,
1895 3230 2014 3293 aut
2046 3215 2381 3307 diaconuS‚
2428 3228 2725 3305 clericuS,

587 3348 723 3410 sive
755 3345 957 3409 laicus
991 3343 1068 3407 de
1101 3344 1203 3407 his
1242 3344 1354 3426 qui
1390 3344 1547 3407 foris
1586 3343 1910 3424 steterint,
1950 3344 2300 3409 concilium
2332 3342 2412 3407 de
2445 3341 2730 3426 qualibet

590 3479 661 3525 re
693 3460 1036 3524 crediderit
1063 3458 1551 3540 appellandum,
1574 3459 1854 3523 ecclesiae
1878 3459 2389 3541 metropolitanae
2416 3457 2731 3523 archidia-

585 3593 751 3640 cono
788 3593 1050 3639 causam
1079 3592 1266 3638 suam
1297 3574 1579 3653 intimet,
1617 3574 1683 3638 et
1713 3575 1823 3639 ille
1855 3574 2127 3638 concilio
2154 3574 2516 3639 denuntiet.
2550 3579 2728 3647 Tunc

585 3690 687 3755 illi
724 3692 788 3754 et
816 3688 1187 3754 introeundi
1225 3690 1290 3753 et
1319 3689 1719 3769 proponendi
1748 3689 2012 3753 lieentia
2039 3689 2454 3754 concedatur.
2500 3690 2727 3755 Nullus

583 3808 809 3870 antem
827 3805 1283 3886 Episcoporum
1308 3821 1346 3867 a
1364 3805 1537 3867 coetu
1561 3805 1898 3868 communi
1922 3804 2174 3869 secedat
2194 3804 2728 3888 antequam-hora

584 3921 911 4004 generalis
938 3918 1308 3982 secessionis
1334 3918 1655 3983 adveniat.
1683 3919 2045 3984 Concilium
2069 3937 2324 4002 quoque
2357 3919 2583 3985 nullus
2609 3919 2731 3982 sol-

587 4055 738 4100 vere
782 4035 1036 4112 audeat,
1079 4034 1208 4098 nisi
1245 4035 1491 4099 fuerint
1530 4036 1762 4098 cuncta
1792 4033 2253 4116 determinata3
2303 4035 2396 4099 ita
2435 4034 2511 4098 ut
2547 4052 2724 4117 quae-

583 4169 871 4233 cumque
894 4149 1357 4214 deliberatione
1379 4149 1715 4214 communi
1733 4150 2085 4228 finiuntur,
2109 4150 2572 4232 Episcoporum
2599 4149 2724 4212 sin-

588 4267 899 4348 gulorum
935 4265 1240 4329 manibus
1277 4267 1788 4330 subscribantur.
1822 4269 2004 4329 Tunc
2040 4264 2220 4329 enim
2248 4270 2415 4330 Deus
2453 4281 2721 4329 suorum

572 4381 994 4447 sacerdotum
1038 4380 1310 4446 concilio
1355 4381 1664 4446 interesse
1710 4380 2071 4446 credendus
2117 4382 2250 4460 est,
2299 4381 2388 4460 si,
2440 4380 2719 4444 tumultu

584 4498 772 4564 omni
802 4497 1067 4579 abjecte,
1105 4495 1369 4561 sollicite
1401 4499 1594 4579 atque
1627 4496 1979 4578 tranquille
2013 4496 2437 4562 ecclesiastica
2473 4492 2719 4577 negotia
