3038 5623
541 775 681 846 362
1246 781 1636 847 ΤΒοῙεῙὲΜΕ
1680 800 1962 849 PARTIE.

538 957 689 1003 mus
717 940 784 1003 et
811 958 989 1004 nuno
1010 939 1249 1004 iterum
1275 942 1703 1022 postulamUS‚
1721 943 1797 1005 ut
1818 942 2168 1006 Paulinum
2197 942 2682 1024 Aquileiensem

539 1055 1218 1139 pseudo-episcopum,
1260 1059 1327 1121 et
1356 1058 1546 1120 iiliun
1585 1057 2131 1122 Mediolanensem
2169 1058 2560 1138 Episcopum
2602 1058 2684 1122 ad

537 1170 1122 1235 clementissimum
1147 1172 1509 1253 prinoipem
1539 1173 1660 1236 sub
1702 1173 1901 1255 digna
1930 1173 2219 1238 custodia
2256 1173 2554 1255 dirigatis
2563 1193 2584 1253 3
2611 1175 2687 1237 ut

539 1288 604 1350 et
628 1287 747 1350 iste
774 1287 888 1369 qui
918 1287 1265 1369 Episcopus
1286 1305 1422 1352 esse
1451 1289 1828 1352 nullatenus
1857 1289 2081 1369 potest,
2118 1289 2272 1372 quia
2297 1291 2524 1353 contra
2540 1307 2686 1353 om-

540 1419 698 1466 nem
725 1403 1105 1466 canonioam
1160 1404 1701 1468 consuetudinem
1731 1404 1934 1467 factus
1971 1406 2091 1483 est,
2134 1404 2295 1468 alios
2330 1405 2507 1468 ultra
2548 1422 2684 1468 non

543 1516 798 1598 perdat3
829 1518 889 1580 ei
937 1518 1045 1581 ille
1077 1518 1189 1600 qui
1233 1521 1457 1582 contra
1505 1537 1760 1582 morem
1802 1520 2149 1601 antiquum
2193 1537 2347 1583 eum
2383 1518 2686 1583 ordinare

543 1634 975 1714 praesumpsit,
1013 1652 1342 1697 canonum
1373 1632 1677 1696 vindictae
1713 1633 2058 1715 subjaceat.
2107 1637 2234 1700 Nec
2277 1634 2451 1696 licuit
2496 1634 2687 1696 alicui

543 1747 909 1828 aliquando,
938 1766 1047 1811 nec
1073 1749 1271 1812 licebit
1298 1748 1748 1827 particularem
1779 1748 2090 1828 synodum
2122 1766 2497 1829 conpreqare
2520 1771 2542 1811 .·
2576 1747 2686 1811 sed

543 1861 796 1944 quoties
824 1863 1041 1945 aliqua
1070 1862 1148 1926 de
1176 1862 1808 1943 universalisynodo
1840 1862 2168 1944 aliquibus
2204 1862 2519 1926 dubitatio
2546 1881 2690 1926 nas-

541 1976 738 2055 citur,
764 1977 844 2040 ad
877 1977 1315 2059 recipiendam
1344 1977 1423 2042 de
1456 1996 1533 2041 eo
1561 1978 1733 2060 quod
1761 1996 1892 2041 non
1934 1978 2315 2060 intelligunt
2340 1978 2680 2055 rationem,

548 2090 664 2154 aut
686 2093 910 2173 sponte
945 2093 992 2156 ii
1026 2094 1141 2176 qui
1171 2094 1444 2156 salutem
1481 2093 1882 2157 animae'suae
1906 2092 2299 2170 desiderant,
2332 2092 2413 2155 ad
2436 2095 2686 2172 aposto-

548 2206 748 2269 licam
763 2207 990 2271 Sedem
1012 2226 1128 2290 pro
1148 2209 1512 2291 recipienda
1533 2209 1782 2272 ratione
1799 2209 2192 2272 conveniant
2201 2226 2223 2287 3
2245 2209 2358 2271 aut
2376 2207 2427 2269 si
2450 2208 2688 2271 forte...

546 2320 638 2386 ita
676 2323 983 2386 obstinati
1028 2326 1092 2388 et
1127 2325 1539 2388 contumaces
1566 2324 1898 2387 extiterint
1931 2325 2005 2386 ut
2039 2324 2257 2388 doceri
2297 2342 2431 2387 non
2463 2323 2691 2401 velint,

551 2454 660 2501 eos
684 2439 765 2499 ab
792 2437 1035 2502 eisdem
1057 2440 1418 2519 apostolicis
1442 2439 1716 2503 Sedibus
1736 2441 1850 2502 aut
1867 2439 2103 2503 attrahi
2131 2439 2210 2502 ad
2237 2440 2518 2503 salutem
2540 2457 2695 2521 quo·

554 2570 682 2634 quo
713 2552 908 2617 modo
938 2572 1194 2617 necesse
1219 2556 1338 2632 est,
1375 2557 1486 2617 aut
1513 2557 1617 2633 (ne
1649 2555 1927 2617 aliorum
1960 2553 2231 2635 perditio
2257 2572 2392 2618 esse
2428 2554 2694 2635 possint)

555 2667 919 2731 secundum
964 2687 1240 2732 canones
1303 2687 1419 2749 per
1481 2671 1819 2734 saeculares
1864 2669 2207 2751 comprimi
2257 2671 2613 2750 potestateS.
2658 2689 2688 2727 u

552 2782 922 2861 (collection
951 2782 1063 2848 des
1095 2784 1372 2849 conciles
1407 2801 1525 2865 par
1551 2785 1782 2865 Mami,
1827 2786 1874 2850 t.
1915 2789 2014 2858 IX,
2059 2803 2120 2867 p.
2165 2786 2330 2864 715.)

636 2897 816 2961 Saint
837 2898 1165 2963 Theodoro
1214 2899 1456 2964 Studite
1501 2903 1598 2963 est
1650 2918 1740 2963 un
1787 2900 1937 2965 Fere
1988 2918 2138 2982 grec
2189 2900 2529 2964 anterieur
2573 2917 2699 2962 aux

554 3016 796 3078 fausses
820 3013 1166 3079 decretales
1189 3016 1529 3097 d'lsidore3
1561 3018 1625 3080 et
1646 3016 1997 3095 d'ailleurs,
2022 3014 2101 3079 de
2122 3015 2335 3080 l’aveu
2359 3014 2439 3078 de
2462 3016 2700 3097 Fleury

549 3130 745 3209 (Disc.
777 3141 839 3208 4,
879 3148 948 3193 11.
985 3134 1064 3211 8),
1091 3131 1332 3214 l'eglise
1358 3151 1637 3214 grecque
1662 3151 1746 3196 ne
1767 3132 2159 3195 connaissait
2192 3150 2305 3213 pas
2332 3133 2425 3195 les
2455 3132 2701 3195 fausses

557 3243 905 3310 decretales
948 3246 1310 3329 fabriquees
1339 3265 1423 3311 en
1472 3247 1794 3311 occident.
1835 3250 1944 3325 Or,
1974 3246 2138 3310 voici
2166 3264 2237 3309 66
2266 3264 2393 3328 que
2417 3263 2590 3308 nous
2609 3245 2702 3308 li-

556 3377 709 3422 sons
747 3359 909 3423 dans
960 3361 1193 3443 Fleury
1245 3360 1583 3426 lui-meme
1635 3361 1766 3441 (liv.
1820 3364 2120 3439 XXXXV,
2152 3378 2219 3423 n.
2258 3362 2359 3438 47)
2390 3379 2406 3423 :
2443 3358 2705 3423 «Theo-

550 3474 735 3551 dore,
779 3473 957 3537 etant
987 3475 1153 3539 ainsi
1183 3475 1539 3556 persecute,
1568 3494 1650 3539 ne
1688 3493 1975 3557 manqua
2013 3492 2128 3554 pas
2158 3474 2406 3537 d'avoir
2441 3490 2704 3539 recours

558 3606 642 3651 au
674 3606 832 3670 pape
877 3587 1048 3652 Leon
1076 3594 1177 3654 III.
1229 3591 1282 3653 11
1308 3590 1404 3653 lui
1435 3589 1739 3654 ecrivit...
1769 3591 1821 3653 11
1850 3607 1916 3654 se
1940 3589 2150 3670 plaint
2172 3588 2251 3654 de
2290 3589 2462 3653 deux
2482 3589 2699 3653 conci-

556 3705 649 3768 les
695 3705 887 3768 tenus
928 3703 966 3767 a
996 3704 1545 3786 Constantinople,
1594 3707 1654 3770 16
1683 3705 1966 3786 premier
2013 3722 2182 3785 pour
2224 3705 2288 3768 16
2339 3703 2704 3769 retablisse-

553 3821 811 3884 sement
861 3819 939 3884 de
975 3819 1354 3899 l'econome,
1402 3821 1463 3883 16
1512 3819 1746 3884 second
1793 3838 1958 3901 pour
1984 3821 2048 3882 la
2076 3819 2577 3883 condamnation
2623 3818 2703 3884 de

550 3953 717 3998 ceux
741 3935 855 4017 qui
887 3952 969 3998 ne
988 3935 1319 3999 voulaient
1346 3953 1459 4015 pas
1483 3953 1526 4017 y
1556 3935 1886 3999 consentit
1917 3937 1975 4005 <a
1996 3952 2068 3998 ce
2088 3933 2700 4014 retablissement)...

562 4049 610 4112 ll
639 4050 889 4130 ajoute:
923 4049 1066 4113 S'ils
1096 4049 1278 4113 n'ont
1307 4067 1419 4131 pas
1442 4050 1655 4134 craint
1676 4049 1757 4114 de
1780 4049 1955 4113 tenir
1980 4067 2073 4112 un
2092 4048 2336 4113 concile
2366 4047 2703 4131 heretique

563 4161 642 4226 de
665 4164 809 4227 leur
839 4164 1140 4243 autorite,
1170 4165 1517 4247 quoiqu'ils
1543 4166 1842 4229 n'eussent
1857 4181 1979 4245 pas
2004 4163 2092 4227 dic
2114 4181 2190 4226 en
2211 4164 2374 4227 tenir
2394 4182 2487 4227 un
2512 4169 2703 4227 meme

551 4277 902 4342 orthodoxe
922 4279 965 4342 ἀ
992 4288 1167 4344 voire
1204 4280 1370 4359 insu,
1395 4281 1646 4343 suivant
1678 4280 2023 4342 l'ancienne
2059 4287 2362 4353 coutume,
2401 4279 2702 4343 combien

552 4391 730 4455 est-il
752 4393 898 4474 plus
919 4395 1314 4459 convenable
1337 4396 1403 4458 et
1431 4396 1578 4475 plus
1620 4393 1972 4457 necessaire
2000 4411 2130 4475 que
2158 4410 2320 4456 vous
2347 4411 2431 4456 en
2456 4411 2701 4457 assem-

559 4507 722 4572 bliez
756 4527 846 4572 un
883 4526 1043 4590 pour
1089 4510 1487 4575 condamnet·
1528 4510 1705 4573 leurs
1749 4513 2052 4573 erreurs‘i
2079 4530 2110 4567 n
2146 4506 2699 4573 Soutiendra-t-on
