3038 5623
563 821 706 891 584
1251 821 1660 898 CINQtJIizME
1717 840 1996 885 PARTIE.

560 1002 669 1060 na,
699 1002 853 1048 cum
881 981 1117 1047 sanctis
1130 982 1438 1046 omnibus
1464 981 1793 1046 tribuatin
1824 982 2350 1046 remuneratione
2367 1000 2709 1046 coronam.

558 1103 682 1164 Nos
704 1100 922 1162 autem
939 1115 1167 1161 omnes
1187 1096 1355 1160 hanc
1377 1096 1786 1160 decretorum
1804 1099 2175 1161 nostrorum
2191 1098 2452 1175 seriem,
2465 1116 2544 1161 ex
2574 1115 2713 1161 rec-

558 1213 801 1278 taefidei
818 1215 922 1277 vel
948 1212 1197 1294 pietatis
1212 1229 1286 1276 ac
1299 1212 1567 1293 justitiae
1587 1212 1761 1276 fonte
1798 1215 2209 1289 manantem,
2249 1231 2467 1277 coram
2486 1217 2617 1276 Deo
2643 1214 2717 1274 et

556 1329 793 1393 sanctis
807 1329 1054 1409 angelis
1072 1330 1238 1408 ejns,
1260 1326 1631 1391 orthodoxis
1653 1328 1960 1391 omnibus
1974 1329 2227 1393 etnunc
2242 1330 2306 1392 et
2322 1328 2708 1391 infuturum

553 1444 1029 1525 impensissime
1044 1443 2021 1521 commendamuS,obsecrantes
2043 1445 2115 1507 ut
2139 1444 2308 1507 hanc
2322 1446 2384 1507 et
2405 1460 2715 1508 reveren-

552 1559 654 1622 ter
672 1558 1091 1641 adimpleant,
1108 1560 1172 1622 et
1192 1560 1273 1621 ab
1294 1558 1557 1622 aemulis
1577 1559 1856 1641 benigne
1877 1558 2246 1624 defendant.
2264 1562 2711 1624 Contemnen-

554 1665 729 1728 tibus
753 1667 975 1729 autem
1010 1683 1157 1729 eam
1200 1664 1436 1727 divinae
1479 1666 1770 1729 veritatis
1798 1666 1958 1729 ultio
1990 1666 2280 1746 pavenda
2307 1665 2661 1746 praeveniat
2680 1682 2711 1744 3

553 1780 1048 1844 observantibus
1074 1781 1294 1845 autem
1320 1779 1772 1845 misericordia
1787 1781 2139 1861 proflueuS,
2159 1798 2281 1861 pax
2312 1782 2626 1861 perpetua
2643 1782 2715 1843 et

554 1894 758 1976 gloria
789 1895 1183 1975 sempiterna
1209 1896 1562 1976 contingat.
1603 1897 1811 1976 Hujus
1850 1912 2106 1977 quoque
2151 1895 2483 1959 sententiae
2525 1894 2709 1959 forti-

560 2008 786 2073 tudine
814 2008 918 2072 vel
933 2010 1180 2091 vigore,
1203 2009 1435 2074 decreti
1463 2010 1669 2074 nostri
1689 2011 1946 2088 seriem,
1970 2028 2170 2092 quam
2201 2011 2268 2072 in
2303 2010 2707 2074 serenissimi

554 2124 813 2188 Domini
844 2125 1048 2188 nostri
1087 2126 1412 2189 edidimus
1442 2126 1746 2202 nomine,
1793 2144 1908 2206 pro
1944 2126 2142 2188 rebus
2190 2144 2227 2188 a
2256 2125 2424 2188 divae
2455 2144 2714 2189 memo·

556 2240 672 2304 riae
697 2242 875 2322 patre
912 2243 1025 2304 tuo
1052 2241 1339 2324 quolibet
1367 2241 1559 2304 titulo
1588 2241 1965 2323 conquisitis
1998 2240 2410 2313 decemimus
2434 2241 2719 2304 omnino

558 2355 889 2419 custodiri.
930 2359 1164 2436 Legem
1214 2355 1492 2436 denique
1539 2374 1737 2436 quam
1782 2373 1899 2436 pro
1934 2355 2285 2420 coercenda
2327 2355 2710 2436 principum

560 2468 909 2550 cupiditate
932 2469 1106 2534 idem
1130 2470 1677 2534 clementissimus
1695 2469 1894 2533 edidit
1910 2471 2222 2551 princeps,
2255 2471 2455 2533 simili
2477 2472 2719 2534 robore

563 2583 933 2661 firmamus,
964 2585 1156 2665 atque
1185 2585 1259 2647 ut
1301 2584 1542 2647 futuris
1572 2585 1974 2665 temporibus
2009 2585 2217 2649 modis
2257 2586 2568 2649 omnibus
2598 2587 2720 2649 ob-

566 2699 882 2775 servetur,
915 2699 1053 2778 pari
1089 2700 1406 2762 sententia
1434 2700 1806 2763 definimus.
1842 2703 1993 2777 Quae
2029 2701 2229 2764 etiam
2269 2718 2354 2764 ne
2383 2700 2716 2763 tacit-urna

562 2815 933 2895 temporum
977 2813 1079 2877 vel
1114 2813 1422 2877 obliviosa
1460 2818 1774 2880 vetustate
1810 2816 2229 2895 deserantur,
2280 2816 2436 2880 huic
2472 2817 2717 2880 nostrae

560 2928 1005 2994 constitutioni
1030 2929 1305 3011 utraque
1335 2928 1741 2994 decrevimus
1771 2932 2176 3010 innectenda,
2202 2932 2291 2996 ita
2317 2933 2711 2996 cunctorum

558 3044 896 3108 memoriae
910 3043 1452 3121 commendanda,
1483 3046 1561 3108 ut
1585 3063 1624 3108 a
1642 3047 1893 3110 cunctis
1921 3047 2165 3129 regulis
2194 3048 2497 3128 superius
2525 3046 2705 3110 ordi-

561 3159 729 3223 natis
761 3177 1089 3242 nusquam
1126 3162 1435 3224 maneant
1463 3163 1821 3242 segregata.
1861 3163 2097 3226 Caetera
2132 3181 2388 3244 quoque
2418 3162 2709 3226 decreto-

558 3292 713 3338 rum
730 3275 1105 3338 nostrorum
1117 3274 1386 3356 judicia,
1412 3294 1559 3357 quae
1587 3277 1668 3338 ab
1697 3277 1818 3339 hac
1845 3278 2065 3340 sancta
2084 3276 2326 3359 synodo
2340 3277 2711 3341 noscuntur

557 3406 694 3454 esse
714 3389 1023 3467 confecta,
1055 3389 1108 3452 si
1136 3389 1284 3471 quis
1314 3392 1677 3456 convellere
1708 3392 1974 3457 fortasse
2019 3392 2397 3471 decreverit,
2427 3394 2543 3457 aut
2573 3392 2702 3455 im·-

557 3503 733 3583 plere
777 3504 1167 3584 neglexerit,
1217 3506 1321 3569 vel
1370 3505 1734 3587 infringere
1781 3506 2168 3590 quandoque
2221 3507 2540 3586 voluerit,
2585 3525 2705 3587 per

552 3616 873 3698 judicium
921 3618 1379 3700 omnipotentis
1425 3621 1537 3684 Dei
1576 3620 1926 3685 anathema
1968 3622 2072 3686 sit.
2140 3623 2266 3688 Soli
2309 3625 2530 3686 autem
2580 3626 2711 3686 Deo

558 3734 777 3807 nostro
805 3734 1009 3816 gloria
1039 3734 1110 3799 in
1135 3735 1367 3799 saecula
1390 3736 1795 3800 saeculorum.
1819 3745 2054 3801 Amen.

1524 4023 1566 4114 g
1624 4020 1740 4094 1v.

1033 4219 1353 4273 ceremonlal
1383 4221 1471 4272 des
1500 4221 1720 4272 conciles
1751 4213 1983 4275 d’Ecosse
2004 4236 2068 4277 en
2093 4227 2231 4278 1225.

648 4439 822 4498 Pour
847 4433 1297 4517 l'intelligence
1322 4434 1399 4500 de
1447 4454 1518 4499 ce
1543 4435 1958 4517 ceremonial,
1989 4436 2035 4501 il
2059 4438 2156 4501 est
2184 4437 2543 4502 necessaire
2565 4437 2707 4502 d’a-

568 4550 771 4614 vertir
795 4550 857 4614 le
884 4550 1134 4614 lecteur
1151 4549 1310 4631 qu'il
1323 4550 1434 4632 n'y
1457 4551 1632 4614 avait
1653 4568 1764 4634 pas
1789 4552 1868 4617 de
1890 4552 2360 4635 Metropolitain
2381 4570 2464 4617 en
2478 4556 2704 4617 Ecosse
