3038 5623
628 846 732 915 86
1348 843 1728 911 munnam
1763 861 2052 910 emm.

639 1007 934 1070 insinuer
955 1023 1080 1089 que
1102 1003 1573 1068 l'assentiment
1592 1001 1669 1065 de
1692 1002 1755 1064 la
1772 999 2235 1081 congregation
2259 999 2373 1065 des
2395 1001 2775 1064 cardinaux-

637 1121 1018 1203 interpretes
1059 1121 1154 1184 est
1193 1118 1549 1183 necessaire
1588 1136 1751 1198 pour
1790 1118 1853 1180 la
1892 1118 2306 1181 convocation
2350 1117 2461 1182 des
2498 1118 2775 1182 conciles

634 1238 1077 1318 provinciaux.
1101 1236 1279 1299 Voici
1308 1237 1402 1298 les
1432 1234 1682 1315 paroles
1709 1233 1798 1297 du
1824 1236 2049 1298 savant
2072 1236 2306 1298 auteur
2334 1252 2352 1297 ε

726 1377 756 1413 (ι
784 1356 992 1429 Quare
1019 1370 1096 1415 ex
1129 1351 1373 1415 eisdem
1409 1351 1681 1431 aliisque
1726 1349 2111 1428 rationibus,
2158 1349 2481 1430 prohibita
2512 1367 2776 1431 quoque

636 1491 668 1528 »
702 1469 829 1531 suit
862 1467 1230 1531 convocatio
1272 1464 1496 1548 synodi
1539 1464 1973 1546 provincialis,
2020 1464 2381 1528 inconsulta
2430 1464 2553 1527 hac
2595 1482 2776 1528 sacra

635 1606 667 1643 »
703 1581 1221 1664 congregatione,
1267 1599 1412 1663 quae
1442 1580 1823 1662 aliquando,
1849 1580 1964 1644 sed
2007 1598 2177 1657 raro,
2212 1579 2775 1660 suffraganeorum

635 1721 667 1758 »
704 1699 1271 1763 informationibus
1296 1697 1478 1779 prius
1508 1696 1768 1774 auditis,
1791 1696 2223 1778 omnibusque
2241 1694 2590 1776 diligenter
2617 1713 2770 1775 pen-

635 1839 664 1874 »
703 1816 854 1879 satis
879 1815 944 1877 id
967 1814 1361 1878 demandare
1391 1814 1568 1878 solet.
1599 1835 1630 1872 »
1669 1813 2028 1892 (Discursus
2054 1819 2156 1891 30,
2188 1811 2268 1875 ad
2302 1811 2654 1874 sessionem
2691 1817 2767 1872 24

637 1931 716 1995 de
748 1932 1058 2009 Reform„
1085 1949 1140 1994 c.
1170 1937 1232 2009 2,
1258 1928 1514 1994 concilii
1542 1927 1952 2007 Tridentini.)

718 2048 770 2111 ll
811 2048 1029 2112 venait
1068 2047 1397 2127 d'exposer
1425 2063 1507 2109 en
1549 2063 1651 2109 ces
1688 2046 1925 2108 termes
1955 2062 2027 2108 ce
2065 2044 2226 2128 qu’il
2253 2045 2496 2108 entend
2525 2062 2643 2127 par
2664 2062 2765 2108 ces

637 2164 804 2227 mots
827 2182 907 2226 ex
934 2163 1153 2226 eisdem
1180 2160 1579 2226 rationibus:

725 2301 756 2339 «
786 2278 1054 2359 Experta
1089 2296 1243 2341 vero
1273 2294 1452 2340 sacra
1485 2275 1898 2357 congregatio
1935 2276 2458 2342 inconvenientia
2486 2297 2630 2361 quae
2659 2279 2771 2343 de-

638 2415 669 2452 »
708 2411 903 2473 super
942 2393 1100 2456 oriri
1136 2392 1425 2455 solebant
1465 2392 1549 2455 ob
1571 2391 2003 2454 dissensiones
2038 2410 2201 2473 pene
2236 2393 2577 2457 continuas
2601 2394 2781 2457 inter

639 2530 670 2568 »
706 2508 1229 2589 Metropolitanos
1256 2508 1320 2571 et
1350 2508 1816 2589 suffraganeos,
1846 2525 2040 2588 super
2060 2507 2362 2572 facilitate
2387 2509 2772 2575 admittendi

645 2646 675 2682 ιι
707 2624 903 2687 etiam
944 2624 1204 2687 frivolas
1248 2623 1727 2704 appellationeS,
1776 2624 1842 2686 et
1891 2623 2284 2686 concedendi
2328 2624 2778 2703 inhibitioneS,

640 2759 673 2799 n
704 2737 864 2802 adeo
890 2740 967 2804 ut
996 2756 1156 2820 pene
1170 2739 1481 2815 omnium
1502 2755 1850 2801 causarum
1873 2755 2109 2801 cursus
2130 2738 2581 2820 impediretur,
2605 2742 2776 2804 mul—

638 2876 670 2915 »
707 2856 804 2919 tas
827 2855 1229 2935 provisiones
1248 2855 1399 2918 fecit
1421 2872 1615 2935 super
1639 2855 2121 2935 metropoijticae
2152 2855 2484 2934 ²potestatis
2507 2855 2780 2919 restric-
2831 2902 2839 2908 -

640 2994 670 3030 a
702 2971 906 3048 tione,
928 2973 999 3034 et
1026 2971 1288 3052 quando
1324 2969 1783 3050 appellationes
1807 2969 2087 3049 admitti,
2119 2971 2312 3052 atque
2353 2970 2781 3034 inhibitiones

637 3108 669 3146 n
702 3086 980 3151 comedi
1002 3086 1336 3165 deberent,
1368 3103 1647 3148 necne...
1687 3086 1886 3148 Prout
1911 3085 2113 3148 etiam
2147 3085 2377 3149 eadem
2405 3086 2787 3167 metropoli-

639 3225 671 3264 n
708 3203 837 3266 tica
866 3203 1139 3283 potestas
1167 3202 1237 3264 in
1266 3201 1593 3282 plerisque
1621 3201 1875 3265 casibus
1901 3201 2195 3264 rest-ricta
2221 3201 2373 3279 fuit,
2411 3201 2777 3282 praesertim

641 3341 672 3378 ι)
704 3318 779 3381 in
802 3318 884 3381 iis
904 3335 1050 3398 quae
1068 3318 1477 3380 concernunt
1495 3316 1989 3380 eeclesiasticam
2007 3316 2644 3393 immunitatem,vel
2657 3316 2779 3380 ubi
2895 3362 2900 3367 -

640 3453 671 3491 >³
704 3433 924 3513 agitur
946 3431 1026 3495 de
1049 3432 1234 3494 novis
1252 3431 1741 3494 fundationibus
1763 3433 2227 3511 conventuum,
2241 3450 2400 3495 cum
2422 3432 2745 3495 similibus
2756 3450 2780 3513 ;

646 3568 676 3606 n
704 3546 1021 3628 qnoniam
1048 3546 1130 3608 ob
1156 3545 1411 3608 facilem
1438 3564 1778 3609 recursum
1803 3546 1888 3610 ad
1913 3547 2109 3610 istam
2135 3564 2388 3610 sacram
2407 3565 2778 3629 congrega-

643 3683 672 3721 »
708 3661 981 3738 tionem,
1001 3678 1118 3723 seu
1156 3660 1236 3723 ad
1256 3661 1537 3723 aiteram
1565 3660 2049 3741 Episcopomm,
2075 3663 2189 3724 aut
2213 3661 2298 3724 ad
2325 3662 2453 3725 alia
2483 3680 2776 3726 romanae

643 3798 675 3836 ι)
711 3777 907 3839 curiae
948 3775 1324 3853 tribunalia,
1370 3775 1459 3838 ita
1505 3775 1797 3856 partibus
1841 3776 2012 3840 intra
2053 3778 2303 3840 montes
2343 3777 2777 3841 existentibus

643 3914 674 3950 >³
706 3892 1079 3955 consulmm
1127 3890 1424 3954 remanet
1437 3907 1458 3969 3
1506 3891 1701 3972 atque
1752 3889 1817 3954 id
1843 3891 2088 3954 minus
2143 3891 2607 3956 inconveniens
2647 3892 2775 3970 est,

643 4028 674 4065 »
708 4025 908 4089 quam
932 4007 1335 4070 efl'raenatam
1364 4005 1706 4087 antiquam
1727 4005 2060 4069 licentiam
2081 4007 2437 4072 concedere
2471 4010 2777 4088 Metropo-

646 4145 674 4179 »
714 4122 956 4199 limniS,
981 4139 1269 4204 *quorum
1297 4120 1666 4202 frequentia
1711 4120 2051 4201 nimiaque
2078 4121 2373 4185 vicinitas
2393 4125 2645 4203 majora
2675 4122 2784 4185 in-

645 4256 678 4294 »
710 4233 1160 4300 convenientia
1182 4236 1533 4317 producere
1549 4236 1820 4314 solebat,
1837 4237 1913 4298 ut
1934 4253 2160 4299 omnes
2177 4254 2392 4300 causae
2415 4236 2779 4318 pracsertim

646 4375 675 4410 »
714 4351 1087 4415 criminales
1136 4352 1242 4414 vix
1283 4352 1460 4415 initae
1503 4352 1585 4415 ab
1633 4350 1980 4414 ordinariis
2021 4353 2297 4415 avocatae
2338 4354 2776 4430 remanemnt,

648 4487 681 4525 n
714 4466 892 4528 unde
913 4467 1248 4547 proptenea
1274 4466 1766 4530 ordinariorum
1803 4467 2107 4548 maiestas
2132 4466 2429 4533 viluerat.
2457 4472 2670 4547 Quare
2688 4486 2780 4532 ex

649 4602 682 4640 »
714 4580 961 4644 eisdem
988 4581 1259 4663 aliisque
1284 4581 1676 4661 rationibus,
1700 4583 1873 4646 etc...
1901 4603 1935 4641 ι
2782 4564 2786 4569 ’
