3038 5623
562 807 959 854 PERSONNES
1008 806 1433 855 couposm
1485 807 1575 854 LE
1621 805 1950 874 concas,
2011 807 2165 855 ETC.
2303 788 2441 858 115

294 965 528 1013 omnes
550 948 943 1014 concordant
981 948 1271 1013 doctores
1309 950 1376 1012 et
1421 951 1528 1013 SS.
1575 965 1904 1017 canonum
1950 948 2356 1031 interpretes,
2385 953 2449 1015 et

300 1064 661 1144 praesertim
697 1064 1161 1129 Thomassinus
1199 1066 1335 1144 (loc.
1378 1066 1510 1141 cit„
1553 1072 1611 1128 et
1655 1082 1794 1146 cap.
1837 1073 1943 1144 44,
1985 1084 2051 1129 n.
2093 1069 2228 1146 12),
2262 1068 2450 1133 Petra

300 1179 436 1262 (loc.
474 1181 610 1259 cit„
644 1199 712 1243 η.
747 1183 871 1259 60),
894 1181 1219 1259 Quaranta
1261 1182 1400 1258 (loc.
1450 1181 1588 1259 cit„
1636 1199 1698 1261 q.
1731 1182 1856 1260 22),
1897 1182 2120 1245 Zerola
2146 1182 2282 1260 (loc.
2315 1183 2447 1262 cit„

302 1314 365 1376 q.
391 1297 481 1372 4),
510 1298 842 1360 Gavantus
875 1298 1014 1375 (loc.
1054 1300 1192 1374 cit„
1223 1314 1293 1359 n.
1324 1301 1403 1359 49
1447 1302 1505 1363 et,
1527 1299 1743 1377 ςυρψ),
1775 1299 1900 1360 Leo
1950 1296 2086 1379 (too.
2136 1299 2270 1376 cit„
2314 1316 2383 1361 η.
2409 1306 2448 1361 4

294 1419 351 1474 et
371 1410 593 1491 καφ),
625 1414 949 1475 Navarrus
981 1412 1074 1490 (de
1103 1411 1334 1493 nmjor.
1376 1418 1435 1474 et
1463 1410 1634 1475 obed.
1663 1429 1831 1475 com.
1862 1418 1922 1490 3,
1954 1420 1989 1470 5
2013 1419 2070 1476 et
2110 1412 2196 1495 8),
2233 1414 2449 1479 Galle·

299 1529 474 1591 mart
498 1527 568 1591 et
588 1527 867 1591 Barbosa
914 1528 1051 1603 (loc.
1096 1527 1254 1606 cit.).
1308 1526 1408 1591 Ad
1435 1545 1634 1610 quem
1664 1527 1888 1593 tamen
1918 1529 2216 1593 effectum
2246 1531 2453 1594 atten-

302 1641 600 1707 dendum
635 1659 778 1705 esse
818 1642 1077 1722 tempus
1104 1641 1469 1720 electionis,
1503 1659 1640 1707 non
1682 1643 1905 1707 autem
1951 1644 2455 1710 consecrationis

297 1758 603 1822 observat
634 1757 1016 1838 Campegius
1043 1759 1185 1835 (loc.
1213 1758 1347 1836 cit„
1373 1775 1518 1838 cap.
1557 1765 1657 1835 15,
1688 1757 1725 1838 ς
1749 1756 1851 1839 9),
1872 1776 2010 1822 uno
2035 1759 2293 1840 excepto
2315 1764 2455 1825 Me·-

298 1872 529 1954 tropoli
538 1872 721 1950 tano,
765 1872 880 1953 qui
907 1872 1005 1935 uti
1032 1890 1264 1952 praeses
1291 1872 1572 1950 concilii,
1600 1872 1893 1953 primum
1927 1891 2184 1955 semper
2208 1875 2457 1939 obtinet

298 1986 542 2051 locum.
564 1987 774 2068 Atque
788 1986 922 2050 haec
945 1987 1293 2053 convenire
1315 1986 1623 2051 videntur
1640 1988 1775 2051 tam
1792 1987 2114 2068 Episcopis
2128 2007 2282 2052 cum
2290 1990 2459 2070 juri·-

300 2100 608 2180 dictione,
633 2120 833 2184 quam
857 2102 1181 2184 Episcopis
1204 2102 1577 2167 titularibus
1588 2119 1612 2181 ;
1642 2103 1825 2166 nulla
1838 2102 2020 2166 enim
2048 2103 2124 2165 fit
2149 2121 2257 2167 eos
2285 2103 2458 2168 inter

301 2218 614 2299 exceptio.
641 2219 721 2282 Et
745 2237 782 2282 e
804 2219 1030 2282 contra
1050 2217 1422 2299 Episc01mS,
1453 2216 1570 2299 qui
1598 2217 2015 2281 renunciavit
2041 2216 2456 2299 episcopatui,

307 2333 548 2398 ordinis
585 2333 1067 2415 praerogativas,
1112 2334 1452 2410 honorem,
1486 2333 1553 2396 et
1574 2333 1728 2413 Jura
1754 2331 2208 2396 reverentialia
2230 2333 2457 2398 certis-

317 2448 453 2515 sime
476 2448 745 2526 retinet,
771 2466 925 2512 cum
950 2447 1119 2511 nihil
1155 2447 1383 2512 exinde
1411 2446 1667 2511 amittat
1695 2447 1924 2526 praeter
1952 2444 2458 2513 administratio-

325 2579 451 2628 nem
477 2565 550 2629 et
572 2543 824 2627 ordinis
845 2563 1314 2641 executionem,
1343 2562 1438 2626 uti
1464 2580 1578 2643 per
1602 2580 1668 2626 se
1700 2562 1897 2643 patet.

377 2678 824 2744 Nihilominus
863 2678 1081 2743 verius
1121 2675 1379 2741 videtur
1404 2678 1481 2740 ut
1518 2676 1825 2759 Episcopo
1869 2695 2047 2743 mere
2079 2679 2326 2744 titulari
2368 2679 2452 2743 ad

305 2795 653 2859 concilium
684 2792 966 2869 admisso
990 2792 1355 2875 praecedant
1374 2792 1668 2875 Episcopi
1695 2793 2110 2875 suffraganei,
2129 2813 2244 2860 seu
2266 2814 2450 2861 com-

304 2910 729 2989 provinciales
753 2928 908 2973 cum
925 2908 1369 2991 juridictione3
1403 2907 1561 2991 quia
1583 2911 1737 2972 sunt
1758 2926 2103 2973 assessores
2130 2912 2195 2975 et
2214 2914 2454 2994 conju-

297 3023 468 3089 dices
490 3043 651 3089 cum
675 3024 1166 3105 Meti-cpolitano
1177 3042 1200 3102 3
1226 3042 1345 3088 ceu
1375 3023 1738 3107 perpendit,
1756 3026 1832 3088 ut
1857 3043 2077 3107 supra,
2100 3025 2179 3090 de
2208 3027 2454 3092 vicario

292 3139 806 3222 Metropolitani,
851 3138 966 3222 qui
1015 3140 1099 3203 sit
1139 3138 1486 3220 Episcopus
1506 3186 1529 3217 ,
1571 3141 1884 3219 praesente
1932 3140 2443 3222 Metropolitan0‚

291 3256 503 3332 Petra,
533 3256 650 3319 loc.
684 3255 818 3333 cit„
862 3273 929 3316 η.
973 3261 1072 3317 64.
1098 3236 1352 3318 'Clarius
1379 3254 1603 3318 autem
1647 3254 2158 3319 controversiam
2188 3256 2452 3322 resolvit

286 3370 472 3434 card.
516 3370 599 3435 de
645 3375 846 3449 Luca,
891 3371 963 3433 in
1007 3369 1296 3433 discursu
1336 3376 1410 3431 16
1450 3368 1524 3433 de
1551 3372 1846 3449 Proeem„
1876 3388 1942 3433 n.
1981 3377 2042 3448 7,
2081 3370 2214 3434 ibi:
2254 3394 2283 3430 α
2312 3375 2447 3450 Quo

284 3500 316 3536 n
364 3495 529 3541 vero
584 3475 668 3540 ad
731 3476 1014 3539 alterum
1067 3494 1291 3540 casum
1312 3523 1334 3554 ,
1387 3492 1744 3540 concursus
1779 3476 2017 3541 scilicet
2070 3476 2447 3559 hujusmodi

280 3613 317 3653 >³
350 3592 790 3675 praelatorum
823 3614 855 3651 a>
907 3592 1196 3674 (quaestio
1247 3590 1430 3655 enim
1468 3592 1611 3658 erat
1661 3591 1833 3656 inter
1875 3592 2448 3674 Archiepiscopum

281 3708 751 3773 sebastensem
790 3725 969 3771 mere
993 3706 1676 3774 titularemvicarium
1708 3726 1823 3772 seu
1859 3708 2297 3791 coadjutorem
2325 3712 2448 3774 Ar-

280 3822 685 3905 chiepiscopi
711 3828 826 3887 Pra
835 3822 1071 3905 gensis,
1087 3823 1203 3905 qui
1230 3822 1417 3885 tilulo
1438 3823 1638 3886 etiam
1660 3823 2051 3905 suffraganei
2075 3825 2313 3905 absque
2332 3825 2446 3904 ju-

277 3924 671 4003 risdictione
695 3937 1140 4014 decorabatur,
1170 3938 1234 4002 et
1258 3935 1641 4019 Episcopum
1663 3938 2280 4004 Lithomericeosem
2308 3939 2454 4004 suf·

274 4054 680 4138 fraganeum
704 4072 861 4119 cum
873 4052 1346 4136 jnrisdictione)
1380 4074 1412 4113 «
1429 4053 1501 4116 in
1524 4053 1660 4134 ipsa
1681 4053 1936 4120 civitate
1956 4054 2450 4135 metropolitica,

273 4190 312 4230 a>
345 4174 634 4254 ejusque
658 4170 919 4234 dioecesi
946 4171 1053 4235 vel
1071 4169 1424 4252 provincia,
1449 4168 1929 4251 distinguebam
1970 4169 2139 4234 inter
2176 4170 2454 4238 functio-

272 4307 311 4347 »
345 4304 485 4352 nes
512 4287 807 4368 publicas
825 4288 889 4349 et
901 4285 1449 4366 jurisdictionales
1479 4285 1729 4350 ratione
1747 4285 2175 4368 episcopatus,
2194 4288 2261 4352 et
2281 4301 2452 4368 proe-

272 4421 308 4461 »
345 4403 594 4467 laturae
617 4401 916 4477 actualis,
940 4403 1092 4483 puta
1112 4401 1182 4464 in
1198 4401 1434 4480 synodo
1449 4401 1854 4482 provinciali,
1878 4400 1950 4466 in
1970 4400 2452 4467 consecratione

272 4536 307 4574 ι»
342 4516 657 4600 Episcopi
698 4515 1293 4611 comprovincialis,
1329 4516 1403 4582 in
1444 4514 1617 4582 dieta
1652 4515 1863 4603 regni,
1912 4515 1983 4582 in
2029 4513 2445 4582 coronatione
