3038 5623
541 844 684 914 248
1242 846 1628 912 'rno1s1im13
1677 864 1954 911 mmm.

620 1008 789 1072 Gette
830 1007 1020 1071 lettre
1055 1005 1134 1070 de
1174 1006 1470 1071 Boniface
1512 1011 1565 1070 11
1591 1024 1761 1069 nous
1787 1006 1904 1070 fait
1925 1005 2162 1084 savoir,
2187 1023 2272 1070 en
2296 1007 2510 1084 outre,
2541 1024 2671 1089 que

538 1121 711 1186 saint
750 1121 998 1186 Cesaire
1039 1122 1212 1185 avait
1249 1120 1392 1201 deja
1442 1138 1720 1185 recouru
1770 1138 1856 1184 au
1903 1120 2314 1202 saint-siege,
2348 1127 2542 1201 ‘pour
2596 1138 2680 1184 en

536 1236 793 1301 obtenir
839 1255 968 1301 une
1010 1236 1295 1300 decision
1338 1253 1452 1299 sur
1476 1235 1574 1299 les
1620 1235 1867 1299 memes
1920 1236 2251 1318 questions
2290 1236 2404 1318 qui
2451 1236 2682 1299 furent

539 1350 796 1414 traitees
836 1350 999 1414 dans
1049 1351 1110 1415 le
1158 1349 1391 1414 second
1432 1350 1679 1415 concile
1726 1349 2063 1432 d'Orange,
2124 1351 2191 1413 et
2231 1368 2359 1431 que
2409 1351 2471 1413 le
2513 1355 2681 1430 Pape

536 1465 778 1528 n’avait
806 1483 918 1546 pas
944 1483 1178 1528 encore
1219 1464 1541 1545 repondu,
1582 1466 1848 1547 lorsque
1891 1482 1964 1528 ce
2010 1465 2255 1528 concile
2316 1482 2384 1528 se
2431 1463 2677 1542 reunit,

537 1581 602 1642 et
647 1579 908 1661 lorsque
939 1597 1038 1643 ses
1061 1579 1311 1644 decrets
1354 1579 1719 1645 arriverent
1754 1578 1791 1643 a
1818 1583 2018 1643 Rome
2068 1597 2223 1644 avec
2247 1579 2310 1643 la
2357 1577 2677 1644 demande

536 1692 616 1758 de
656 1694 1140 1757 confirmation.

613 1808 1031 1889 L'empereur
1063 1808 1383 1873 Justiuien
1413 1807 1680 1872 ecrivait
1715 1826 1800 1872 au
1828 1826 1988 1890 pape
2010 1812 2169 1873 Jean
2214 1813 2310 1872 Il:

628 1946 659 1983 α
685 1928 811 1987 Nec
840 1925 1021 1988 enim
1046 1925 1336 2004 patimur
1363 1923 1739 2006 quidquam
1771 1922 1942 2006 quod
1971 1923 2051 1986 ad
2083 1923 2506 1987 ecclesiarum
2550 1925 2679 1987 sta-

536 2060 566 2097 »
604 2039 749 2102 tum
778 2039 1078 2120 pertinet,
1106 2039 1407 2121 quamvis
1428 2039 1852 2102 manifestum
1879 2039 1943 2101 et
1989 2038 2427 2102 indubitatum
2474 2038 2583 2117 sit,
2605 2040 2681 2102 ut

536 2174 567 2211 n
604 2170 740 2215 non
768 2154 998 2226 vestrae
1022 2154 1385 2217 innotescat
1412 2152 1747 2216 sanctitati
1782 2171 1798 2215 :
1834 2152 1992 2234 quia
2017 2153 2210 2233 caput
2240 2153 2337 2216 est
2377 2151 2681 2216 omnium

538 2287 571 2326 »
605 2268 984 2332 sanctarum
1027 2268 1463 2333 ecclesiarum.
1493 2291 1521 2324 n
1561 2268 1929 2346 (Constant,
1962 2285 2090 2347 pr„
2116 2285 2180 2347 p.
2231 2270 2412 2344 xvu.)

619 2387 705 2447 Le
727 2381 943 2447 meme
966 2402 1334 2465 empereur,
1366 2383 1530 2447 dans
1560 2400 1678 2447 son
1712 2382 1899 2461 Gode,
1929 2382 2090 2446 livre
2120 2387 2211 2461 1⁶¹⁹,
2244 2382 2340 2446 tit.
2370 2385 2421 2459 1,
2453 2382 2544 2446 loi
2591 2389 2688 2475 7⁸,

540 2498 882 2578 s'exprime
921 2498 1087 2562 ainsi
1122 2517 1138 2561 z

584 2698 589 2704 .
629 2634 660 2671 α
687 2616 906 2694 Neque
940 2586 1121 2676 enim
1167 2613 1455 2694 patimur
1495 2615 1571 2676 ut
1599 2611 1956 2695 quidquam
2001 2630 2236 2676 eorum
2269 2630 2415 2694 quae
2457 2612 2538 2675 ad
2574 2629 2680 2675 ec·-

539 2747 575 2786 >›
607 2726 1037 2789 clesiasticum
1069 2728 1357 2808 spectant
1395 2728 1665 2805 statum,
1697 2745 1831 2791 non
1870 2727 2067 2815 etiam
2097 2726 2177 2790 ad
2206 2729 2349 2807 ejus
2377 2726 2682 2805 (sanctis-

539 2862 571 2900 »
608 2840 767 2904 simi
805 2847 989 2922 Papae
1025 2843 1259 2907 veteris
1310 2846 1559 2922 Romae)
1603 2843 1925 2906 referatur
1971 2841 2466 2921 beatitudinem,
2527 2860 2679 2906 cum

541 2978 571 3015 »
611 2954 694 3019 sit
752 2958 946 3035 caput
994 2956 1295 3019 omnium
1346 2957 1907 3021 sanctissimorum
1958 2956 2069 3020 Dei
2119 2955 2575 3036 Sacerdotum3
2622 2956 2688 3021 et

542 3092 573 3129 n
606 3069 784 3154 quia,
814 3071 1066 3153 quoties
1115 3071 1185 3134 in
1237 3071 1369 3134 illis
1410 3072 1565 3135 locis
1610 3071 1896 3136 haeretiei
1939 3071 2314 3150 extiterunt,
2364 3069 2687 3135 sententia

541 3205 573 3243 n
611 3187 675 3249 et
701 3176 871 3249 recto
895 3183 1143 3266 judicio
1192 3186 1369 3249 illius
1391 3186 1782 3250 venerabilis
1823 3185 2000 3250 Sedis
2049 3184 2307 3250 coerciti
2361 3186 2539 3248 sunt.
2572 3206 2604 3245 1>

622 3299 778 3362 L'an
808 3306 958 3378 545,
988 3301 1049 3365 le
1090 3318 1251 3382 pape
1282 3301 1493 3382 Vigile
1542 3300 1809 3364 ecrivait
1852 3299 1890 3364 a
1931 3303 2222 3377 Auxane,
2272 3299 2680 3382 archeveque

544 3413 790 3477 d'Arles
823 3432 840 3477 ε

633 3540 664 3587 ‹·‹
692 3528 754 3591 Si
799 3546 945 3610 quae
963 3547 1117 3611 ergo
1145 3529 1317 3593 inter
1359 3529 1591 3594 fratres
1618 3532 1683 3594 et
1710 3530 2114 3610 coepiscopos
2147 3531 2399 3621 nostros
2432 3531 2505 3593 in
2528 3530 2684 3594 locis

549 3662 581 3701 υ
611 3642 842 3706 vestrae
863 3643 1115 3706 caritati
1139 3644 1832 3724 praesentiauctoritate
1861 3643 2303 3708 commissis...
2335 3644 2686 3709 dissensio-

544 3778 576 3816 »
614 3775 730 3822 nes
776 3749 1193 3836 emerserint,
1224 3758 1899 3823 adhibitisvobiscum
1929 3748 2370 3822 Sacerdotibus
2408 3776 2687 3823 numero

545 3895 576 3930 »
613 3873 1029 3954 competenti,
1074 3890 1300 3937 causas
1341 3872 1653 3936 canonica
1695 3873 1760 3935 et
1805 3872 2146 3954 apostolica
2193 3873 2495 3955 aequitate
2544 3873 2683 3949 ⁴dis·

544 4008 576 4046 »
612 3987 889 4052 cutite...
945 3987 1011 4053 si
1060 4006 1190 4069 qua
1231 4005 1385 4052 vero
1431 3986 1790 4051 certamina
1849 3988 1964 4050 aut
2016 3985 2095 4050 de
2160 3987 2474 4068 religione
2539 3987 2687 4052 fidei

545 4122 579 4161 ι)
616 4103 807 4184 (quod
845 4108 1012 4168 Deus
1056 4104 1354 4182 auferat),
1377 4103 1495 4166 aut
1519 4101 1600 4166 de
1630 4102 1920 4184 quolibet
1946 4103 2206 4183 negotio
2244 4101 2417 4184 quod
2448 4103 2541 4166 ibi
2571 4121 2687 4186 pro
2808 4173 2815 4181 ,

546 4239 578 4277 n
617 4217 717 4280 sui
751 4217 1205 4299 magnitudine
1246 4217 1590 4282 terminari
1636 4234 1770 4280 non
1817 4217 2036 4298 possit,
2084 4218 2459 4297 evenerint,
2495 4219 2689 4283 totius

554 4346 586 4391 ο
618 4331 905 4399 veritalis
932 4330 1240 4413 indagine
1268 4331 1569 4414 diligenti
1594 4333 1843 4396 ratione
1877 4331 2192 4411 discussa,
2222 4333 2555 4397 relationis
2605 4331 2684 4397 ad

545 4467 577 4506 ι)
617 4463 735 4510 nos
765 4445 999 4510 seriem
1047 4445 1440 4511 destinantes
1463 4495 1484 4526 ,
1537 4446 1903 4529 apostolieae
1940 4447 2084 4512 Sedi
2113 4448 2528 4512 terminanda
2556 4466 2686 4513 ser-

544 4587 574 4622 »
615 4563 783 4628 vate.
817 4583 848 4621 ι)
887 4560 1232 4642 (sirmond,
1262 4567 1423 4628 tom.
1473 4567 1524 4640 l,
1565 4579 1710 4643 pag.
1751 4563 1921 4635 271.)
