3038 5623
448 803 849 850 Pensomms
909 802 1333 850 compostum·
1396 804 1484 850 LE
1543 802 1870 862 eonem,
1943 804 2095 852 Erc-
2199 785 2232 853 4
2258 784 2341 855 13

225 944 436 1023 cilium,
487 964 573 1026 qs
597 952 655 1023 5,
710 945 815 1008 ad.
839 945 1129 1027 quintum
1173 944 1453 1024 dubium,
1503 944 1637 1009 ibi:
1683 947 1782 1010 An
1818 947 2067 1027 possint
2094 946 2351 1011 admitti

227 1060 495 1140 Episcopi
539 1060 801 1124 alterius
842 1060 1231 1140 provinc-im?
1274 1062 1582 1140 sylvester
1624 1061 1694 1124 in
1738 1061 1924 1125 verbo
1970 1063 2345 1142 Concilium,

230 1194 376 1239 aum.
407 1183 468 1250 9,
497 1176 536 1257 ξ
563 1183 624 1254 6,
657 1176 806 1238 dicit
830 1176 997 1257 quod
1022 1177 1113 1240 sic
1136 1224 1153 1249 ‚
1186 1175 1244 1238 si
1270 1175 1562 1240 accedant
1589 1176 1957 1252 voluntarii,
1979 1184 2036 1239 et
2063 1178 2354 1243 similiter

235 1293 347 1370 aiii,
375 1310 646 1374 quorum
674 1293 1011 1359 consilium.
1030 1301 1119 1356 est
1145 1294 1581 1369 necessarium,
1614 1300 1669 1356 et
1697 1292 1785 1355 ibi
1815 1300 1886 1356 ut
1913 1295 2313 1358 consultores.

296 1407 466 1472 Hisce
499 1407 879 1489 praenotatis
907 1406 1113 1470 facilis
1140 1406 1400 1470 videtur
1429 1406 1626 1487 primi
1652 1405 1834 1470 dubii
1863 1408 2211 1473 resolutio:
2244 1408 2359 1472 ha-

239 1523 361 1587 bere
388 1522 572 1586 enim
596 1540 824 1586 vocem
847 1520 1198 1586 decisivam
1221 1523 1320 1585 est
1343 1522 1525 1585 actus
1562 1521 2056 1602 jurisdictionis,
2081 1525 2158 1585 ut
2180 1525 2359 1587 notat

238 1640 530 1715 Quat-anta
561 1639 710 1717 (loc.
745 1638 850 1699 cit.
892 1637 962 1699 in
990 1637 1190 1699 addit.
1222 1636 1307 1700 ad
1335 1655 1395 1718 q.
1433 1639 1539 1716 3),
1578 1638 1642 1700 et
1670 1636 1949 1700 Thomas
1978 1638 2361 1719 Campegius

240 1754 324 1830 (de
368 1753 668 1816 auctorit.
721 1753 832 1817 SS.
888 1751 1346 1829 Concilioru-m,
1400 1769 1537 1832 cap.
1590 1759 1660 1829 7,
1706 1752 1780 1832 ἐξ
1830 1759 1858 1813 1
1914 1754 1978 1815 et
2020 1754 2124 1830 4).
2178 1753 2362 1819 Unde

238 1867 502 1949 sequitur
546 1885 687 1930 una
732 1883 886 1929 cum
924 1866 1251 1947 Episcopis
1297 1866 1648 1947 provinciae
1693 1884 1917 1931 vocem
1972 1885 2089 1932 seu
2135 1868 2364 1933 votum

236 1982 447 2046 habere
478 1981 844 2047 decisivum
874 1982 1138 2045 abbates
1169 1982 1234 2044 et
1253 1981 1790 2045 commendatarii
1822 1981 2082 2044 tantum
2107 1983 2220 2065 qui
2249 2001 2366 2064 po-

237 2097 447 2178 pulum
491 2096 740 2160 habent
788 2097 853 2159 et
886 2095 1404 2177 jurisdictionem
1451 2096 1634 2178 quasi
1680 2097 2145 2177 episcopalem,
2194 2098 2366 2180 quod

234 2216 581 2277 extremum
623 2230 762 2276 esse
807 2213 1056 2278 constat
1098 2212 1370 2276 omnino
1415 2211 1857 2275 necessarium
1900 2211 1981 2274 ad
2022 2211 2368 2277 ferendum

232 2329 607 2410 suffragium
633 2328 1126 2391 deliberativum
1149 2352 1166 2397 ς
1200 2327 1264 2390 et
1279 2325 1401 2389 hoc
1419 2324 1690 2407 proinde
1714 2325 2071 2406 denegatur
2090 2328 2225 2390 tam
2252 2345 2373 2391 cae-

230 2444 367 2507 teris
409 2442 758 2507 abbatibus
803 2441 943 2506 sine
978 2441 1396 2524 juridictione
1420 2488 1440 2518 ,
1468 2458 1668 2523 quam
1705 2440 2001 2521 capitulis
2040 2441 2372 2506 cathedra-

232 2557 417 2637 lium,
441 2576 560 2621 seu
592 2558 856 2620 illorum
882 2555 1227 2637 deputatis,
1254 2556 1369 2637 qui
1394 2557 1621 2618 votum
1646 2554 1894 2618 habent
1914 2557 2372 2622 tantummodo

232 2674 701 2750 consultivum,
733 2672 935 2736 veluti
975 2671 1412 2735 communiter
1449 2671 1744 2733 sentiunt
1771 2671 2237 2736 Thomassinus
2273 2674 2374 2752 (de

236 2805 383 2851 nova
413 2797 472 2852 et
497 2794 623 2851 vet.
651 2788 938 2851 Ecclesioe
966 2786 1238 2867 discipl„
1261 2793 1440 2867 part.
1474 2792 1538 2864 2,
1573 2786 1678 2850 lib.
1708 2787 1843 2864 ΙΙΙ,
1877 2805 2013 2868 cap.
2048 2793 2150 2867 58,
2182 2807 2248 2852 n.
2276 2792 2371 2868 9),

235 2905 405 2966 Petra
449 2904 591 2981 (loc.
627 2903 734 2965 cit.
780 2921 823 2965 a
856 2919 1032 2964 num.
1062 2909 1137 2963 35
1176 2901 1261 2965 ad
1298 2904 1432 2979 43),
1462 2905 1603 2963 Van
1632 2905 1838 2982 Espen
1878 2904 2012 2979 (loc.
2052 2905 2216 2981 cit.),
2262 2907 2377 2966 Fa-

239 3034 400 3097 gnan
431 3017 544 3097 (de
571 3018 669 3080 his
696 3035 833 3098 quoe
859 3019 1016 3099 fiunt
1045 3034 1087 3078 a
1113 3016 1341 3098 major.
1366 3024 1571 3096 part„
1604 3017 1675 3078 in
1702 3034 1841 3097 cap.
1877 3020 2015 3081 Etsi
2040 3017 2370 3094 membra),

240 3135 558 3196 Gavantus
586 3133 678 3210 (in
706 3132 1002 3197 Manual.
1035 3133 1245 3212 Episc.
1287 3134 1363 3196 V⁰
1390 3132 1739 3197 Concilium
1746 3133 2160 3211 provinciale,
2194 3150 2373 3195 num.

237 3254 375 3311 5321
400 3266 568 3329 seqq.
592 3249 637 3325 ),
667 3251 796 3310 Leo
826 3247 915 3324 (in
944 3248 1258 3309 Thesauro
1283 3246 1406 3328 sor.
1438 3245 1637 3324 Eccl.,
1658 3251 1827 3324 part.
1859 3253 1919 3320 1,
1945 3263 2082 3326 cap.
2110 3254 2172 3324 9,
2197 3264 2372 3309 num.

243 3369 273 3422 7
293 3370 346 3426 et
368 3365 454 3445 8),
481 3363 840 3427 Gallemart
859 3363 922 3425 et
955 3362 1231 3425 Barbosa
1250 3362 1342 3438 (in
1367 3379 1535 3424 conc.
1568 3361 1770 3437 Trid„
1792 3378 1932 3441 cap.
1974 3368 2033 3440 2,
2054 3380 2194 3425 sess.
2244 3366 2372 3439 24).

314 3483 398 3541 De
421 3477 748 3559 Episcopis
777 3476 1145 3540 titularibus
1187 3475 1322 3539 haec
1342 3476 1537 3539 habet
1573 3476 1953 3558 Campegius
1980 3478 2130 3555 (loco
2163 3479 2375 3556 citato,

244 3592 278 3672 ξ
316 3597 412 3672 5);
470 3616 501 3654 «
527 3592 846 3657 Similiter
898 3591 1224 3672 Episcopi,
1265 3591 1378 3672 qui
1428 3590 1709 3655 ecclesiis
1746 3594 2030 3671 praesunt
2071 3592 2152 3685 5¹¹,
2188 3593 2379 3656 terris

248 3729 280 3767 n
308 3709 671 3774 infidelium
699 3753 718 3782 ‚
751 3709 817 3771 et
866 3707 979 3788 qui
1016 3707 1492 3770 renunciarunt
1541 3706 1931 3786 episcopatui
1985 3725 2213 3770 vocem
2258 3707 2378 3771 ha·

248 3845 282 3881 ⁵>
314 3825 464 3889 bent
516 3824 901 3900 decisivam,
960 3822 1272 3904 quoniam
1320 3821 1474 3885 dare
1530 3839 1755 3884 vocem
1810 3821 1880 3884 in
1931 3822 2204 3884 concilio
2244 3840 2378 3886 non

250 3961 285 3997 n
314 3943 404 4005 est
435 3941 730 4023 specialis
779 3938 1250 4020 jurisdictionis
1303 3937 1502 4019 hujus
1538 3937 1643 4000 vel
1686 3936 1857 3999 illius
1904 3937 2210 4015 ecclesia),
2269 3938 2382 4002 sed

255 4075 286 4111 >³
316 4056 613 4137 competit
654 4053 1008 4117 universali
1046 4052 1364 4127 Ecclesiae,
1395 4053 1460 4115 et
1500 4051 1821 4132 Episcopis
1850 4068 1993 4115 eam
2022 4068 2408 4132 reproesen··

261 4173 625 4250 stantibus,
657 4171 737 4233 de
787 4171 974 4249 quus
1014 4185 1277 4249 corpore
1319 4169 1476 4230 sunt
1507 4166 1577 4229 hi
1610 4166 1932 4247 Episcopi,
1970 4184 2124 4229 cum
2160 4166 2406 4249 (11ςηὶ--

258 4303 291 4340 1»
316 4286 501 4350 tatem
558 4286 888 4351 retineant
944 4283 1370 4365 episcopalem
1395 4329 1411 4359 ‚
1480 4281 1833 4363 omniaque
1880 4279 2202 4345 retineant
2242 4301 2387 4363 per-

262 4417 484 4466 »sonae
522 4383 947 4478 cohaerentIa,
993 4399 1255 4480 sintque
1291 4397 1580 4477 Episcopi
1641 4396 2026 4461 universalis
2066 4397 2383 4474 Ecclesiae,

264 4532 295 4569 n
323 4513 458 4580 licet
491 4514 1055 4580 administratione
1097 4512 1397 4591 careant,
1436 4512 1789 4576 retinentes
1830 4511 2129 4576 ordinem
2167 4514 2231 4576 et
2270 4510 2388 4574 ho-

2018 4623 2055 4679 8
