3038 5623
578 769 719 840 252
1291 773 1677 838 'rummiens
1731 791 2013 838 ΡΑΜῚΕ.

578 956 608 992 ιο
647 930 984 995 mendatas
1019 948 1453 995 numeremur
1462 949 1482 1011 3
1523 933 1589 996 et
1624 931 1761 996 istae
1802 928 2183 995 confessioni
2227 929 2521 994 universi
2570 950 2721 995 oon-

580 1070 609 1106 »
651 1045 972 1109 sensimus
1029 1046 1093 1108 et
1151 1046 1693 1127 subscripsimus,
1747 1047 1811 1109 et
1861 1045 1941 1109 ad
1992 1048 2228 1126 corpus
2287 1046 2492 1109 sancti
2550 1047 2718 1110 Petri

580 1181 612 1220 v>
651 1159 961 1240 principis
991 1160 1430 1241 apostolorum
1454 1159 1844 1237 direximus,
1871 1160 2043 1242 quod
2080 1159 2466 1242 gratulando
2502 1161 2720 1223 clerus

581 1294 613 1334 ι)
652 1291 964 1338 romanus
991 1275 1055 1336 et
1084 1273 1369 1337 Pontifex
1393 1275 1695 1354 suscepit.
1733 1296 1764 1333 »
2371 1338 2376 1345 ,

659 1396 759 1451 10·
813 1407 1022 1452 canon
1085 1406 1102 1450 t
1165 1411 1196 1448 α
1249 1391 1332 1452 Ut
1384 1389 1438 1451 si
1485 1389 1843 1453 sacerdotes
1897 1388 2000 1452 vel
2052 1388 2271 1469 plebes
2322 1405 2362 1450 a
2410 1389 2551 1468 lege
2612 1387 2722 1451 Dei

574 1524 607 1563 »
642 1501 932 1566 deviasse
980 1502 1294 1581 viderim,
1351 1505 1416 1566 et
1466 1503 1792 1584 corrigere
1841 1520 1976 1566 non
2029 1501 2386 1583 potuerim,
2445 1501 2725 1565 fideliter

579 1639 610 1676 »
649 1635 902 1698 semper
939 1616 1084 1681 Sedi
1124 1617 1483 1699 apostolicae
1525 1618 1592 1681 et
1631 1616 1872 1681 vicario
1917 1616 2123 1680 sancti
2166 1615 2332 1679 Petri
2380 1613 2461 1678 ad
2505 1632 2725 1678 emen-

581 1753 614 1790 »
649 1730 941 1795 dandum
978 1731 1286 1796 indicem.
1335 1733 1437 1796 Sic
1477 1732 1692 1806 enim,
1739 1731 1865 1796 nisi
1913 1732 2132 1808 fallor,
2173 1748 2401 1794 omnes
2431 1729 2724 1811 Episcopi

579 1869 610 1905 n
648 1844 889 1910 debent
929 1847 1445 1928 Metropolitano,
1479 1848 1547 1910 et
1591 1846 1727 1927 ipse
1767 1851 2058 1911 Romano
2100 1845 2425 1923 Pontifici,
2469 1845 2524 1908 si
2564 1842 2724 1926 quid

580 1981 615 2022 >³
649 1960 728 2024 de
772 1961 1173 2044 corrigendis
1216 1963 1469 2044 populis
1508 1961 1681 2044 apud
1727 1980 1836 2026 eos
1880 1961 2275 2043 impossibile
2315 1961 2449 2038 est,
2490 1962 2720 2023 notum

576 2095 608 2134 n
644 2075 886 2156 facere3
943 2078 1009 2140 et
1067 2078 1159 2142 sic
1209 2078 1406 2142 alieni
1466 2078 1624 2141 fient
1679 2094 1718 2141 a
1772 2077 2093 2158 sanguine
2143 2076 2520 2139 animarum
2576 2092 2722 2156 per-

577 2209 611 2248 »
647 2189 960 2255 ditarum.
993 2213 1024 2251 »

665 2306 820 2368 L'an
854 2314 993 2384 7⁴4,
1026 2306 1088 2370 le
1133 2324 1296 2389 pape
1338 2305 1668 2380 zacharie,
1708 2305 1872 2369 dans
1908 2323 1978 2370 sa
2030 2306 2218 2370 lettre
2252 2321 2378 2368 aux
2404 2304 2721 2386 EvequeS,

581 2437 670 2483 au
694 2421 903 2503 clerge
934 2424 999 2485 et
1036 2440 1121 2486 au
1151 2423 1385 2504 peuple
1423 2422 1539 2486 des
1568 2423 1827 2498 Gaules‚
1857 2421 2201 2502 s'exprime
2230 2419 2393 2484 ainsi
2447 2437 2531 2483 au
2557 2419 2723 2498 sujet

534 2570 542 2578 ·
582 2534 675 2597 du
723 2535 965 2616 synode
1010 2535 1124 2616 qui
1171 2536 1343 2599 avait
1383 2536 1481 2599 ete
1523 2536 1778 2601 celebre
1817 2554 1967 2600 sous
1996 2536 2058 2599 la
2092 2535 2464 2617 presidence
2505 2534 2587 2598 de
2616 2539 2725 2597 Bo-

581 2647 814 2725 niiace‚
856 2665 968 2711 son
1001 2648 1196 2730 Legat
1218 2650 1638 2733 apostolique.

673 2785 705 2824 α
729 2764 1061 2829 Referente
1090 2765 1278 2829 nobis
1309 2767 1635 2832 Bonitacio
1677 2766 2218 2833 reverendissimo
2241 2767 2435 2850 atque
2465 2765 2724 2832 sanctis-

583 2899 619 2938 »
653 2876 819 2941 simo
864 2879 1061 2944 fratre
1107 2881 1328 2944 nostro
1357 2883 1693 2964 Episcopo,
1742 2882 1916 2965 quod
1968 2882 2130 2946 dum
2167 2883 2453 2963 synodus
2500 2899 2725 2964 aggre-

584 3013 619 3054 >³
660 2995 808 3075 gata
836 2997 1001 3058 esset
1038 2994 1106 3058 in
1142 2995 1473 3077 provincia
1513 2999 1729 3061 vestra
1750 3000 1936 3078 juxta
1962 2999 2251 3061 nostram
2279 2995 2727 3060 commonitio-

582 3129 615 3167 »
655 3125 842 3186 nem,
883 3109 1322 3174 mediantibus
1371 3111 1526 3175 filiis
1577 3112 1813 3176 nostris
1862 3111 2133 3194 Pippino
2173 3112 2240 3174 et
2296 3112 2722 3175 Carlomanno

582 3242 613 3280 »
651 3221 1053 3302 principibus
1088 3224 1340 3301 vestris,
1390 3227 1735 3307 peragente
1778 3226 1975 3291 etiam
2004 3227 2216 3289 vicem
2246 3226 2536 3288 nostram
2571 3240 2723 3304 prae-

582 3358 610 3394 »
648 3336 778 3398 fato
822 3338 1169 3416 Bonifacio‚
1200 3340 1514 3404 Dominus
1541 3340 1913 3405 inclinasset
1948 3341 2142 3404 corda
2162 3341 2375 3403 vestra
2391 3356 2558 3423 ‘cum
2585 3353 2722 3400 om-

581 3471 617 3510 »
651 3452 847 3514 nibus
872 3452 1273 3533 principibus
1304 3455 1534 3519 vestris
1575 3455 1647 3518 in
1692 3453 2210 3537 praedicationem
2249 3455 2414 3533 ejus,
2465 3453 2542 3514 ut
2571 3468 2709 3514 om-

581 3585 613 3622 »
652 3564 846 3628 nibus
880 3566 1498 3632 commonitionibus
1527 3571 1667 3650 ejus
1717 3569 2087 3633 obediretis.
2116 3589 2146 3626 υ
2196 3564 2528 3643 Sirmond,
2571 3565 2617 3628 t.
2664 3567 2712 3640 1,

465 3707 471 3711 >
585 3695 733 3759 pag.
791 3682 956 3759 541.)

665 3798 758 3858 On
805 3797 1105 3877 rapporte
1151 3795 1190 3860 a
1226 3797 1358 3861 l'an
1404 3804 1521 3859 785
1566 3797 1660 3861 les
1701 3796 2014 3878 capitules
2066 3794 2381 3860 attribues
2417 3812 2505 3858 au
2561 3808 2719 3875 pape

581 3909 886 3974 Hadrien.
919 3914 1001 3975 Le
1049 3911 1197 3975 titre
1226 3913 1406 3993 porte
1431 3929 1560 3993 que
1585 3913 1644 3976 le
1673 3916 1839 3993 Pape
1859 3912 1963 3975 'les
1987 3910 2207 3975 donna
2230 3910 2267 3974 a
2290 3909 2718 3991 Ingilramne,

578 4021 824 4104 evaque
866 4023 946 4088 de
996 4027 1177 4091 Metz.
1233 4026 1568 4100 Hincmar‚
1602 4025 1847 4108 evaque
1882 4026 1962 4089 de
2008 4025 2247 4103 ReimS,
2297 4043 2382 4088 en
2434 4023 2715 4088 contesta

578 4136 919 4202 l’autorite.
963 4162 994 4199 (ι
1025 4145 1110 4204 De
1140 4141 1474 4205 sententiis
1501 4159 1655 4204 vero
1697 4159 1843 4223 quae
1890 4135 2285 4205 dicuntur...
2317 4139 2601 4203 collectae
2640 4135 2721 4198 ab

577 4271 609 4310 n
649 4249 973 4314 Hadriano
1014 4258 1200 4334 Papa,
1230 4256 1296 4318 et
1347 4256 1779 4346 Eugelramno
1830 4255 2212 4321 Metensium
2257 4253 2564 4334 Episcopo
2605 4249 2725 4312 da-

578 4386 610 4424 »
649 4365 1056 4447 tae‚...quam
1085 4367 1355 4433 dissonae
1384 4371 1557 4433 inter
1599 4388 1666 4435 se
1695 4370 2058 4435 habeantur
2088 4369 2201 4451 qui
2236 4368 2394 4449 legit
2420 4366 2574 4431 satis
2617 4363 2725 4427 in-

575 4500 608 4539 »
645 4479 897 4561 telligit,
944 4481 1008 4544 et
1054 4499 1252 4563 quam
1302 4483 1573 4549 diversae
1619 4502 1658 4549 a
1701 4484 1900 4549 sacris
1950 4484 2344 4560 canonibus,
2388 4483 2456 4545 et
2507 4496 2712 4562 quam
