3038 5623
607 814 752 884 210
1318 811 1697 876 mmxliffln
1740 830 2024 876 eumz.

607 974 831 1039 tionne
857 973 954 1037 les
984 969 1180 1035 abbes
1221 970 1418 1033 avant
1437 971 1531 1033 les
1559 987 1948 1050 procureurs
1978 970 2091 1034 des
2118 969 2462 1052 chapitres,
2491 968 2657 1032 dans
2683 968 2741 1033 le

605 1090 746 1154 seul
767 1104 1034 1169 passage
1054 1086 1166 1167 qui
1193 1085 1314 1148 soit
1328 1084 1539 1148 relatis
1558 1083 1595 1147 a
1618 1085 1780 1149 cette
1803 1085 2097 1164 manere,
2121 1087 2186 1149 et
2201 1086 2296 1149 les
2317 1084 2484 1149 deux
2503 1085 2739 1163 autreS,

603 1222 761 1268 ceux
804 1202 883 1266 de
922 1201 1139 1267 Reims
1174 1202 1239 1264 et
1266 1200 1343 1264 de
1376 1199 1701 1277 cambrai,
1743 1201 2108 1266 constatent
2139 1219 2306 1283 que,
2343 1200 2426 1265 de
2470 1200 2610 1279 fait,
2653 1201 2741 1264 les

601 1318 793 1383 abb&
814 1336 857 1399 y
881 1315 1215 1380 obtinrent
1235 1315 1299 1377 13
1326 1312 1693 1394 preseance.
1809 1328 1819 1335 ·

683 1442 743 1497 1⁰
768 1433 1014 1498 Concile
1044 1431 1118 1494 de
1143 1429 1477 1496 Narbonae
1503 1429 1751 1492 ‹101551
1766 1473 1782 1492 .
1818 1463 1897 1477 -
1929 1429 2355 1494 L'honorable
2375 1429 2740 1511 protesseur

597 1547 866 1631 pretend
896 1564 1020 1628 que
1046 1544 1142 1608 les
1166 1543 1412 1607 decrets
1437 1543 1517 1608 de
1546 1561 1617 1607 ce
1643 1544 1910 1620 concile,
1962 1542 2052 1607 ou
2083 1545 2133 1607 il
2161 1546 2259 1608 est
2299 1544 2417 1608 fait
2443 1544 2739 1608 mention

594 1663 708 1726 des
727 1660 923 1725 abbes
934 1661 1000 1724 et
1025 1660 1136 1723 des
1159 1659 1534 1737 chanoineS,
1556 1660 1965 1724 n’observent
1991 1677 2209 1723 aucun
2232 1657 2449 1737 ordre,
2469 1660 2533 1722 et
2551 1659 2737 1740 qu'ils

588 1778 682 1841 les
702 1776 974 1840 mettent
996 1774 1204 1838 tantot
1222 1773 1387 1837 dans
1409 1792 1503 1837 un
1533 1792 1680 1838 sens
1713 1776 1780 1838 et
1811 1773 2024 1837 tantot
2052 1773 2214 1837 dans
2240 1792 2336 1837 un
2359 1775 2567 1838 autre.
2591 1778 2737 1837 Rec-

592 1892 810 1955 tifions
839 1909 856 1953 :
880 1904 1045 1954 nous
1065 1907 1264 1953 avons
1283 1888 1373 1952 du
1391 1889 1635 1952 concile
1664 1889 1742 1953 de
1757 1889 2101 1953 Narbonne
2124 1887 2203 1951 de
2226 1895 2372 1950 1551
2386 1864 2416 1964 ,'
2430 1889 2737 1952 soixante-

593 2006 689 2070 six
737 2022 980 2069 canons
1028 2006 1095 2068 et
1148 2022 1281 2068 une
1335 2003 1797 2067 introduction.
1849 2008 2018 2067 Dans
2068 2020 2283 2067 aucun
2333 2002 2447 2066 des
2497 2018 2735 2066 canons

591 2137 761 2184 nous
785 2120 1056 2183 n’avons
1079 2138 1168 2182 vu
1196 2117 1495 2182 nommes
1523 2117 2069 2182 successivement
2093 2118 2186 2181 les
2211 2117 2533 2198 chapitres
2560 2118 2625 2181 et
2649 2117 2736 2179 les

591 2233 806 2299 abbes.
844 2235 924 2298 lls
952 2253 1033 2298 ne
1067 2252 1134 2299 se
1185 2233 1494 2298 trouvent
1535 2231 1955 2297 mentionnes
1991 2250 2117 2315 que
2155 2231 2319 2295 dans
2357 2230 2737 2294 l'introduc-

592 2349 756 2427 tion,
786 2351 850 2413 et
875 2367 949 2413 ce
973 2349 1121 2412 sont
1145 2349 1239 2412 les
1270 2347 1462 2411 abbas
1486 2347 1603 2429 qui
1635 2348 1751 2411 ont
1785 2347 1846 2411 le
1876 2364 1989 2427 pas
2000 2372 2017 2435 3
2049 2364 2160 2410 car
2183 2344 2739 2409 immediatement

592 2462 778 2543 apres
822 2461 1322 2525 l’enumeration
1376 2461 1489 2525 des
1546 2479 1933 2542 procureurs
1982 2461 2095 2525 des
2122 2453 2411 2543 Eveques
2430 2505 2448 2535 ‚
2482 2477 2571 2522 on
2611 2458 2686 2521 lit
2717 2475 2733 2520 τ

599 2599 631 2637 α
657 2579 749 2640 Ac
775 2577 1006 2640 abbate
1034 2576 1357 2641 Cannensi
1397 2576 1698 2640 dioecesis
1749 2576 2181 2641 Narbonensis
2215 2594 2232 2639 ε
2291 2573 2736 2639 assistentibus

587 2691 786 2756 etiam
814 2692 1338 2772 procuratoribus
1378 2708 1493 2755 seu
1527 2691 1807 2773 syndicis
1834 2691 2260 2757 ecclesiarum
2303 2676 2738 2769 metropolita-

591 2825 696 2871 nae
718 2807 783 2871 et
805 2807 1304 2872 cathedralium.
1334 2829 1365 2866 »

671 2929 734 2984 2⁰
758 2926 841 2985 Le
870 2922 1098 2985 concile
1136 2922 1209 2985 de
1244 2922 1442 2985 Reims
1471 2922 1543 2984 de
1590 2928 1770 2986 1564.
1822 2956 1901 2970 —
1938 2926 2111 2986 Nous
2152 2938 2435 2985 ouvrons
2466 2922 2561 2984 les
2593 2936 2739 3002 pro-

592 3035 1031 3113 ces-verbaux,
1055 3038 1120 3101 et
1147 3054 1315 3100 nous
1336 3037 1540 3101 lisons
1559 3035 1597 3100 3
1617 3037 1919 3101 l'endroit
1933 3036 2021 3101 ou
2050 3038 2179 3100 l'on
2211 3036 2469 3100 resume
2492 3054 2567 3100 ce
2592 3034 2737 3117 qu'a

596 3151 690 3215 dit
715 3153 778 3216 le
807 3151 1282 3233 Metropolitain
1311 3170 1423 3215 sur
1450 3152 1516 3215 la
1547 3170 1754 3216 messe
1774 3152 2127 3216 solennelle
2150 3152 2241 3215 du
2273 3150 2651 3216 lendemain
2677 3149 2738 3212 et

596 3283 710 3329 sur
736 3266 802 3330 13
830 3266 1121 3331 maniere
1142 3265 1304 3329 dont
1328 3284 1412 3329 on
1435 3284 1477 3347 y
1501 3266 1801 3330 assistera
1825 3285 1843 3330 z

683 3404 716 3441 ι(
745 3386 817 3444 In
844 3400 919 3444 eo
967 3382 1281 3445 sacrificio
1330 3381 1693 3464 quemlibet
1718 3399 1857 3445 esse
1886 3399 2219 3446 sessurum
2251 3400 2368 3446 suo
2413 3365 2638 3445 ordine
2680 3386 2734 3443 et

593 3479 729 3560 loco
747 3543 765 3569 ‚
808 3513 1041 3575 nempe
1085 3496 1422 3576 Episcopos
1467 3498 1532 3559 et
1578 3497 1661 3560 ab
1711 3497 2040 3577 Episcopis
2075 3497 2456 3561 absentibus
2506 3496 2733 3559 missos

601 3610 1064 3691 procuratoreS,
1108 3610 1391 3673 scamnis
1437 3610 1532 3673 eis
1577 3613 1814 3691 paratis
1859 3630 1938 3675 ex
1989 3612 2266 3694 utraque
2304 3611 2483 3692 parte
2528 3608 2729 3674 chori.

595 3725 739 3789 Post
760 3742 892 3802 eOS,
916 3724 1195 3787 scamnis
1221 3725 1507 3788 similiter
1527 3725 1790 3805 paratiS,
1817 3725 2361 3789 archimandritas
2389 3742 2506 3788 seu
2536 3724 2731 3787 abba-

597 3841 689 3904 tes
716 3840 829 3922 qui
857 3839 1299 3904 benedictione
1331 3841 1587 3919 accepta
1638 3841 1905 3903 mitram
1960 3842 2246 3922 gestant3
2273 3842 2345 3907 ,et
2373 3839 2607 3903 deinde
2632 3855 2730 3903 eos

595 3956 833 4036 quibus
857 3957 1012 4019 sunt
1050 3952 1503 4019 commendata
1533 3956 1923 4019 monasteria
1952 3957 2017 4019 et
2044 3955 2492 4036 procuratores
2541 3955 2728 4018 abba-

594 4068 736 4131 tum
760 4070 825 4131 et
850 4068 1414 4132 monasteriorum.
1444 4070 1892 4132 Procuratores
1906 4070 2126 4133 autem
2145 4070 2579 4150 collegiorum
2595 4083 2732 4151 quae

594 4182 870 4262 capitula
893 4183 1209 4246 vocantur
1235 4181 1723 4262 canonicorum,
1757 4184 1956 4248 simul
1983 4202 2133 4247 cum
2159 4184 2491 4248 canonicis
2522 4184 2593 4247 in
2623 4200 2733 4247 eo·-

594 4315 747 4358 rum
770 4296 1090 4359 cathedris
1113 4314 1401 4359 sessuros
1424 4298 1884 4362 convenienter
1911 4298 2124 4363 ordini
2154 4317 2385 4363 eorum
2411 4297 2730 4363 evocatio·

594 4411 814 4488 tioniS,
830 4413 895 4475 et
921 4411 1000 4473 iis
1021 4410 1177 4473 locis
1207 4428 1351 4492 quae
1373 4412 1468 4475 eis
1509 4413 1915 4494 assignarent
1958 4414 2223 4494 capituli
2268 4413 2637 4477 rhemensis
2663 4427 2704 4472 u

593 4527 830 4591 vocant
868 4524 1268 4605 seneschalli,
1299 4526 1414 4609 qui
1443 4527 1537 4592 eis
1555 4527 1895 4593 ostendent
1933 4528 2234 4594 ordinem
2271 4528 2432 4592 olim
2472 4539 2736 4591 consue·-
