3038 5623
705 843 984 889 NA‘rmuz
1054 843 1156 890 nu
1225 844 1527 891 eonem:
1577 846 2034 895 rnovmcur..
2296 830 2420 901 ,33

294 984 487 1046 bonne
516 1000 534 1045 ε
579 1005 612 1042 α
640 985 984 1047 Sacrorum
1013 1000 1343 1047 canonum
1381 985 1655 1048 testatur
1682 988 2025 1051 auctoritas
2059 989 2231 1071 quod
2257 991 2418 1055 olim

292 1097 473 1161 sancti
500 1099 743 1177 PatreS,
775 1099 911 1161 tam
946 1098 1219 1161 Romani
1259 1099 1599 1164 Pontifices
1626 1119 1828 1183 quam
1858 1103 1968 1166 alii
1996 1105 2416 1170 ecclesiarum

292 1214 536 1294 praelati,
564 1231 801 1278 curam
831 1214 1130 1278 solertem
1160 1232 1357 1296 super
1383 1233 1653 1298 gregem
1677 1218 2092 1283 Dominicum
2120 1238 2387 1285 exercen
2402 1256 2420 1270 -

292 1332 393 1408 teS,
413 1329 491 1393 de
513 1328 923 1393 celebrandis
945 1329 1259 1409 conciliiS,
1287 1330 1358 1393 in
1384 1331 1627 1413 quibus
1651 1332 1731 1397 de
1750 1334 2143 1416 extirpandis
2157 1336 2331 1400 vitiis
2353 1339 2419 1401 et

290 1444 638 1526 plantandis
675 1442 1028 1507 virtutibus
1070 1445 1205 1507 tam
1250 1445 1322 1507 in
1364 1445 1539 1510 clero
1580 1466 1780 1530 quam
1812 1449 1880 1512 in
1925 1451 2184 1531 populo,
2224 1469 2299 1515 ac
2338 1451 2418 1516 de

296 1559 713 1622 conservanda
737 1560 1033 1624 libertate
1061 1559 1505 1641 ecclesiastica,
1534 1561 1612 1626 de
1637 1564 1804 1627 statu
1834 1583 2094 1648 quoque
2122 1566 2418 1631 ecclesia-

192 1707 196 1711 <
298 1693 424 1737 rum
450 1676 513 1739 et
535 1675 812 1757 piorum
842 1675 1138 1739 locorum
1167 1675 1510 1758 dirigendo
1541 1679 1885 1743 salubriter
1912 1681 2248 1761 agebatur,
2279 1682 2419 1747 iue-

290 1791 422 1853 runt
461 1790 836 1872 plurimum
877 1790 1179 1869 studiosi,
1227 1809 1303 1854 ex
1345 1791 1551 1875 iisque
1603 1794 1808 1857 status
1855 1796 2319 1861 ecclesiasticus
2349 1797 2419 1862 in

292 1903 725 1985 spiritualibus
752 1907 816 1968 et
842 1904 1314 1986 temporalibus
1344 1907 1632 1970 multum
1675 1909 1910 1998 crevit.⁸
1933 1910 2075 1989 Sed,
2119 1913 2280 1992 proh
2310 1912 2423 1976 do—

290 2019 398 2082 lor!
449 2021 899 2084 succrescente
941 2020 1262 2101 paulatim
1300 2023 1722 2103 praelatorum
1759 2022 2027 2102 desidia,
2058 2025 2425 2110 omissaque

288 2134 765 2198 continuatione
793 2134 1219 2198 conciliorum
1246 2134 1651 2217 hujusmodi,
1687 2138 2015 2218 pullulant
2042 2137 2222 2215 vitia,
2252 2158 2424 2204 cres·

287 2248 361 2311 cit
386 2249 719 2312 indevotio
757 2250 1002 2330 populi,
1038 2250 1307 2330 praefata
1331 2250 1595 2314 libertas
1633 2251 1981 2329 minuitur,
2014 2252 2227 2315 cultus
2255 2253 2420 2318 divi-

286 2381 394 2428 nus
433 2365 828 2447 negligitur,
873 2365 1254 2447 irrogantur
1294 2383 1330 2428 a
1373 2365 1555 2428 laicis
1596 2366 1768 2429 clero
1812 2366 2215 2447 gravamina,
2259 2369 2423 2431 etin

280 2480 732 2561 temporalibus
756 2479 973 2559 bonis,
999 2478 1078 2543 ad
1106 2479 1407 2543 divinum
1436 2480 1761 2561 deputatis
1791 2482 2199 2564 obsequium,
2223 2483 2425 2547 senti-

281 2593 376 2657 tur
412 2613 548 2660 non
583 2593 924 2659 modicum
957 2594 1452 2659 detrimentum.
1497 2616 1529 2654 ›>
1570 2597 1775 2673 (Actes
1809 2594 1900 2658 du
1930 2596 2174 2660 concile
2203 2597 2280 2660 de
2310 2601 2425 2661 La-

280 2725 448 2788 vaur,
477 2710 711 2789 Goleti,
744 2712 792 2773 t.
827 2714 957 2788 XV,
985 2730 1046 2791 p.
1084 2713 1250 2789 833.)

345 2830 437 2889 En
484 2836 513 2888 1
537 2834 682 2905 549,
716 2826 779 2891 le
818 2826 1061 2890 concile
1090 2826 1167 2891 de
1204 2828 1478 2908 Cologne
1504 2826 1851 2907 exprimait
1878 2827 2041 2891 ainsi
2080 2846 2150 2892 sa
2189 2829 2424 2910 pensee

284 2957 384 3005 sur
406 2942 879 3023 l’importance
912 2941 1022 3005 des
1065 2941 1341 3005 concites
1382 2942 1803 3022 provinciaux
1842 2962 1859 3006 ε
1900 2966 1931 3002 ι(
1959 2947 2194 3024 Magno
2223 2946 2428 3008 status

286 3056 719 3135 ecclesiastici,
745 3056 881 3120 imo
903 3057 1273 3138 reipublicae
1297 3055 1669 3121 christianae
1691 3056 2078 3121 detrimento
2107 3075 2248 3122 sero
2272 3077 2426 3140 que-

289 3172 487 3238 rimur
517 3171 804 3255 synodos
824 3173 928 3237 vel
952 3172 1350 3237 intermissas
1372 3173 1477 3236 vel
1500 3190 1634 3236 non
1666 3177 1834 3235 recte
1868 3171 2183 3235 hactenus
2222 3173 2422 3238 fuisse

281 3289 646 3354 celebratas.
699 3292 992 3365 Quarum
1038 3287 1381 3352 necessitas
1430 3286 1586 3351 hinc
1609 3349 1612 3354 ,
1637 3286 2044 3368 intelligitur,
2089 3287 2262 3369 quod
2304 3289 2421 3353 ubi

283 3402 483 3469 deficit
525 3404 836 3481 visitatiO,
882 3404 981 3472 ibi,
1014 3404 1260 3467 restant
1303 3402 1530 3485 synodi
1578 3420 1688 3466 seu
1733 3402 2007 3465 concilia
2049 3402 2123 3467 in
2156 3403 2422 3468 nomine

283 3503 505 3584 Christi
537 3519 933 3601 congregata
959 3518 1194 3582 idonea
1228 3536 1362 3582 non
1388 3519 1651 3582 tantum
1676 3516 1758 3579 ad
1787 3518 2111 3581 bonorum
2157 3536 2423 3583 morum
2511 3551 2516 3557 ·

280 3632 744 3712 plantationem
795 3635 860 3699 et
905 3633 1396 3716 extirpationem
1440 3632 1794 3710 malorum,
1823 3650 2057 3696 verum
2095 3632 2293 3696 etiam
2340 3632 2421 3697 ad

284 3748 643 3815 mediorum
683 3767 800 3813 seu
841 3749 1102 3812 viarum
1140 3748 1379 3831 quibus
1406 3747 1487 3812 ad
1517 3747 1668 3812 istas
1697 3747 2130 3829 pertingimus
2158 3745 2420 3809 restitu-

283 3860 517 3928 tionem
551 3882 711 3928 cum
755 3863 987 3944 primis
1015 3863 1316 3927 valentia.
1359 3862 1694 3945 Siquidem
1726 3862 1796 3925 in
1837 3859 2099 3943 synodis
2139 3859 2422 3924 redinte-

285 3979 507 4056 gratur
544 3978 791 4052 unitam,
839 3978 1136 4042 studetur
1179 3977 1430 4058 corpori
1477 3976 1549 4039 in
1592 3993 1710 4039 sua
1750 3974 2117 4055 integritate
2164 3991 2422 4039 conser-

285 4092 516 4167 vando,
574 4093 690 4156 ubi
750 4109 826 4156 ea
878 4110 1024 4175 quae
1084 4092 1154 4155 in
1210 4090 1578 4155 visitatione
1630 4108 1762 4153 non
1821 4089 2096 4153 dabatur
2148 4089 2418 4171 exequi,

286 4207 720 4272 executionem
741 4206 972 4271 studiis
994 4207 1459 4271 communibus
1481 4207 1917 4288 assequuntur
1928 4223 1948 4285 3
1976 4204 2091 4268 ubi
2111 4204 2192 4269 de
2214 4203 2421 4284 capite

288 4320 346 4381 et
370 4322 707 4400 membriS,
739 4321 818 4386 de
841 4321 969 4385 fide
997 4326 1058 4386 et
1093 4321 1350 4403 pietate,
1396 4320 1476 4383 de
1513 4318 1830 4401 religione
1866 4320 1930 4381 et
1959 4319 2139 4381 cultu
2168 4316 2421 4394 divino,

222 4463 230 4472 ·
291 4432 363 4497 de
384 4438 695 4516 moribus,
730 4436 811 4501 de
835 4436 1198 4519 disciplina,
1229 4436 1305 4500 de
1332 4434 1717 4511 obedientia,
1744 4432 1820 4496 de
1845 4431 2105 4514 judiciis
2135 4442 2199 4494 et
2223 4431 2422 4493 rebus

293 4554 585 4618 omnibus
614 4552 698 4617 ad
724 4552 890 4617 bene
908 4551 1386 4633 christianeque
1411 4549 1768 4615 vivendum
1798 4543 2153 4611 commodis
2176 4544 2280 4607 vel
2308 4561 2417 4607 ne-

2088 4657 2124 4711 3
