3038 5623
418 790 717 837 coNclLE
769 791 980 837 Paov.
1028 792 1166 837 PAR
1224 791 1549 838 RAPPoaT
1585 790 1684 836 AU
1737 776 2204 840 sAm'r-snicn.
2317 773 2459 845 235

319 953 354 990 a
387 922 771 1014 dignatione
796 933 996 996 Petrae
1034 932 1341 1013 spiritalis
1372 933 1635 996 elatam.
1667 956 1697 990 ι»
1754 933 1981 1011 (Lettre
2011 942 2101 1012 «ι’,
2132 934 2459 1013 Constant,

323 1066 382 1128 p.
414 1050 621 1126 1019.)

397 1168 565 1226 Dans
588 1181 724 1226 une
746 1164 937 1227 autre
963 1163 1151 1228 lettre
1176 1163 1217 1227 a
1237 1182 1310 1229 oe
1356 1163 1573 1228 meme
1603 1163 1831 1237 Rufus,
1868 1163 1929 1228 le
1957 1179 2119 1244 pape
2164 1163 2461 1228 Boniface

316 1277 655 1358 s’exprime
682 1278 853 1341 ainsi
887 1296 905 1341 ε

398 1415 435 1454 ι
462 1394 623 1470 Quia
650 1412 759 1457 res
790 1394 1088 1474 postulat,
1136 1394 1630 1475 approbandum
1669 1396 1768 1458 est
1801 1393 2208 1458 documentis
2254 1390 2459 1456 maxi·

320 1531 352 1567 >³
385 1527 523 1572 mas
562 1508 1000 1572 Orientalium
1042 1509 1339 1573 ecclesias
1387 1509 1457 1572 in
1504 1509 1759 1590 magnis
1810 1508 2081 1591 negotiis
2118 1508 2189 1572 in
2222 1508 2462 1590 quibus

318 1646 349 1681 n
384 1641 544 1703 opus
570 1624 741 1688 esset
765 1623 1221 1703 disceptatione
1248 1624 1504 1704 majori,
1527 1623 1754 1689 Sedem
1782 1642 2036 1705 semper
2061 1622 2463 1688 consuluisse

320 1760 348 1796 »
388 1756 762 1816 romanam,
794 1739 881 1814 et,
923 1739 1172 1819 quoties
1219 1757 1375 1803 usus
1425 1739 1657 1820 exegit,
1700 1742 1840 1820 ejus
1891 1739 2212 1802 auxilium
2252 1739 2466 1819 postu-

292 1845 351 1913 ὐ
383 1855 569 1917 lasse.
600 1875 637 1914 ι»
672 1855 870 1917 Entre
898 1855 1115 1918 autres
1144 1855 1462 1935 exemples
1486 1872 1611 1936 que
1635 1853 1753 1916 fait
1777 1853 1985 1917 valoir
2003 1872 2077 1918 ce
2108 1858 2269 1933 Pape
2296 1871 2464 1934 pour

322 1987 605 2050 prouver
630 1987 702 2032 ce
740 1970 900 2050 qu'il
946 1987 1210 2048 avance,
1254 1970 1304 2033 il
1342 1969 1622 2050 rappelle
1675 1970 2005 2032 comment
2049 1968 2464 2033 l'ordination

319 2083 393 2148 de
423 2085 743 2163 Nectaire,
776 2084 1186 2167 archeveque
1231 2084 1310 2149 de
1351 2085 1901 2166 Constantinople‚
1953 2087 2153 2166 ayant
2183 2085 2284 2148 ete
2312 2086 2463 2149 faite

320 2219 405 2264 en
439 2200 688 2282 synode
731 2219 882 2264 sans
911 2201 1110 2283 qu’on
1147 2220 1232 2265 en
1272 2200 1386 2265 eut
1426 2199 1634 2264 refere
1678 2199 1716 2263 a
1757 2204 1982 2277 Rome,
2035 2200 2130 2262 fut
2157 2199 2463 2280 regardee

316 2333 570 2379 comme
597 2316 808 2394 nulle,
839 2317 901 2379 et
927 2326 1255 2380 comment
1291 2316 1682 2396 l'empereur
1715 2313 2042 2378 Theodose
2071 2331 2321 2395 envoya
2351 2313 2463 2377 des

316 2429 589 2511 deputes
640 2448 726 2494 au
777 2430 1021 2494 Pontile
1076 2430 1335 2494 romain
1385 2448 1551 2511 pour
1599 2429 1853 2494 obtenir
1887 2429 2052 2512 qu'il
2101 2430 2167 2492 la
2197 2428 2459 2493 validat.

320 2544 488 2625 (Chr.
524 2546 720 2623 Wolf,
755 2547 803 2609 t.
829 2551 907 2624 v,
938 2565 1000 2626 p.
1032 2549 1198 2625 341.)

393 2663 551 2723 L'an
578 2668 721 2737 419,
748 2661 809 2724 le
829 2660 1042 2725 meme
1067 2665 1254 2741 Pape,
1283 2662 1480 2742 ayant
1499 2678 1656 2735 recu
1684 2660 1795 2724 des
1820 2660 2217 2724 accusations
2235 2677 2463 2742 graves

319 2776 546 2839 contre
590 2775 889 2854 Maxime,
923 2774 1168 2858 aveque
1198 2775 1278 2839 de
1303 2776 1603 2853 valence,
1633 2775 1859 2841 ecrivit
1886 2794 2012 2840 aux
2034 2774 2325 2858 Eveques
2349 2775 2462 2840 des

318 2892 552 2955 Gaules
577 2891 657 2954 de
687 2909 756 2954 se
783 2891 1011 2955 reunir
1042 2910 1126 2955 en
1154 2892 1398 2955 concile
1428 2910 1596 2973 pour
1626 2895 1823 2975 juger
1850 2893 2012 2956 cette
2049 2909 2261 2970 cause,
2293 2892 2357 2954 et
2382 2890 2462 2955 de

314 3005 410 3068 lui
442 3006 605 3070 faire
636 3006 852 3070 savoir
890 3025 962 3070 ce
994 3007 1187 3088 qu'ils
1212 3008 1451 3070 auront
1482 3007 1716 3084 statue,
1752 3008 1884 3071 afln
1911 3005 2076 3088 qu'il
2111 3004 2461 3086 l'appuyat‚

314 3140 547 3185 comme
573 3123 706 3185 cela
733 3129 817 3185 est
843 3123 1199 3201 necessaire,
1229 3122 1311 3187 de
1339 3141 1409 3186 sa
1430 3122 1909 3186 confirmation.
1943 3121 2121 3185 Voici
2150 3120 2461 3203 quelques

315 3254 616 3319 passages
645 3236 726 3300 de
746 3255 819 3299 oe
847 3255 1040 3318 grave
1066 3238 1459 3302 monument
1487 3236 1963 3318 ecclesiastique
1995 3253 2013 3298 ι

406 3376 441 3413 α
469 3351 848 3430 Bonifaciusj
876 3352 1254 3434 Episcopu8‚
1306 3353 1626 3430 Patroclo,
1680 3351 2053 3433 Remigio...
2099 3354 2167 3416 et
2214 3352 2458 3417 caeteris

322 3466 651 3548 Episcopis
665 3485 781 3547 per
797 3467 1033 3530 Gallias
1055 3468 1119 3532 et
1141 3468 1385 3549 septem
1413 3467 1776 3548 provincias
1804 3468 2188 3532 constitutis.
2222 3469 2457 3532 Valen-

314 3583 471 3646 tinae
500 3599 622 3645 nos
650 3582 866 3645 clerici
892 3581 1170 3645 civitatis
1199 3582 1521 3661 adierunt,
1560 3584 1990 3664 proponentes
2019 3601 2132 3663 per
2159 3582 2458 3646 libellum

316 3698 600 3762 crimina
642 3716 791 3779 quae
818 3698 1173 3763 Maximum
1216 3698 1372 3761 teste
1403 3698 1535 3761 tota
1578 3698 1909 3779 provincia
1950 3698 2247 3761 asserunt
2285 3714 2461 3760 com-

321 3814 597 3878 misisse.
635 3813 933 3894 Delegata
974 3812 1154 3875 toties
1183 3813 1571 3894 cognitione,
1610 3812 1802 3876 illum
1832 3812 2179 3875 constituta
2207 3828 2464 3891 semper

319 3928 793 4009 subterfugisse
817 3926 1089 4007 judicia,
1121 3944 1242 3991 nec
1269 3928 1590 3991 confisum
1618 3926 2007 3991 conscientia
2035 3926 2364 3990 festinasse
2387 3926 2463 3989 ut

322 4043 377 4107 si
404 4045 572 4107 esset
596 4043 912 4105 innocens
941 4042 1323 4105 examinatis
1353 4042 1661 4105 omnibus
1685 4044 2097 4124 purgaretur,
2123 4059 2202 4105 ex
2228 4041 2465 4105 vestra-

318 4177 476 4222 rum
502 4174 774 4241 quoque
800 4156 1181 4220 chartarum
1223 4156 1647 4221 instructione
1677 4156 2177 4238 cognovimus..
2215 4157 2460 4220 Debue-

319 4293 467 4338 ram
494 4273 768 4360 quidem
799 4273 938 4353 jam
964 4290 1144 4336 nunc
1171 4272 1441 4354 dignam
1483 4289 1602 4353 pro
1629 4274 1772 4353 ejus
1800 4270 2112 4335 accusatis
2139 4271 2210 4334 in
2245 4273 2463 4335 nostro

316 4390 562 4471 judicio
583 4388 916 4453 actibus...
961 4388 1128 4452 ferre
1157 4388 1623 4451 sententiam...
1664 4387 2051 4451 Dilationem
2092 4388 2313 4451 tamen
2342 4386 2458 4450 de-

319 4506 536 4570 dimus
562 4506 633 4569 et
658 4502 1071 4568 decrevimus
1090 4504 1386 4568 vestrum
1412 4502 1647 4568 debere
1683 4503 1858 4567 intra
1890 4503 2291 4584 provinciam
2322 4520 2459 4566 osse
