3038 5623
1066 819 1208 888 534
1755 817 2183 894 Qun-mimz
2248 838 2530 886 mmm.

1062 979 1437 1044 Pontificem
1487 980 1904 1058 deferantur,
1954 967 2146 1061 cujus
2205 982 2585 1045 auctoritate
2645 981 2817 1064 quod
2863 982 3038 1044 univ«

1067 1095 1362 1159 Ecclesiae
1395 1095 1672 1176 expedit,
1704 1096 2048 1158 statuatur.
2089 1097 2274 1177 (Sess.
2309 1102 2412 1174 25,
2445 1097 2516 1159 in
2547 1100 2812 1160 Decreto
2836 1095 3038 1160 deind

1146 1232 1179 1270 n
1215 1211 1741 1292 Designabuntur
1766 1210 1833 1272 in
1885 1211 2135 1292 synodo
2174 1211 2424 1293 judices
2453 1213 2694 1295 quibus
2725 1214 2967 1296 alioqui
3021 1233 3038 1276 ε

1067 1326 1229 1406 aptis
1258 1343 1466 1389 causae
1494 1326 1937 1390 ecclesiasticae
1958 1344 2032 1390 ac
2062 1327 2428 1406 spirituales
2454 1329 2518 1392 et
2535 1328 2615 1391 ad
2641 1329 2858 1392 sorum
2891 1330 3038 1392 eccl«

1067 1442 1273 1505 ticum
1303 1442 1700 1522 pertinentes
1724 1442 1795 1505 in
1824 1443 2114 1523 partibus
2153 1442 2526 1525 delegandae
2579 1444 2896 1507 committi
2945 1463 3038 1525 pos

1073 1559 1255 1635 (SeSS.
1304 1563 1409 1634 25,
1436 1575 1493 1620 c.
1529 1561 1656 1630 10.)
2707 1533 2713 1538 ⁷

1149 1695 1179 1732 »
1213 1674 1423 1754 Atque
1450 1672 1589 1736 haec
1612 1672 1744 1736 fere
1769 1674 1922 1736 sunt
1945 1692 2090 1756 quae
2109 1674 2393 1756 synodus
2414 1675 2827 1756 provincialis
2853 1693 2931 1739 ex
2951 1693 3038 1738 co]

1068 1788 1450 1851 Tridentino
1490 1791 1794 1868 praestare
1836 1788 2022 1852 debet
2037 1815 2054 1869 3
2097 1807 2292 1870 super
2318 1791 2556 1873 quibus
2604 1792 2883 1872 amplior
2930 1794 3029 1855 est

1071 1905 1347 1986 potestas
1375 1921 1576 1986 quam
1616 1907 1768 1985 jure
1789 1905 2123 1968 communi
2151 1905 2363 1969 eidem
2410 1907 2728 1986 competat
2737 1924 2758 1985 3
2791 1924 2945 1969 curn
2975 1907 3038 1969 in

1072 2020 1289 2084 missis
1318 2039 1450 2083 non
1486 2020 1769 2102 propria,
1819 2019 1930 2083 sed
1977 2020 2234 2083 concilii
2289 2022 2681 2085 universalis
2718 2022 3037 2086 auctorita

1071 2138 1266 2199 tatur.
1301 2141 1374 2199 In
1412 2136 1659 2200 caeteris
1689 2136 1871 2200 enim
1899 2137 2110 2199 causis
2138 2136 2203 2200 et
2249 2137 2524 2218 negotiis
2549 2137 2931 2201 meminisse
2965 2156 3038 2218 op

1075 2251 1172 2314 bit
1209 2252 1674 2332 Episcoporum
1703 2250 1974 2314 concilia
2006 2269 2137 2314 non
2167 2251 2407 2315 habere
2434 2251 2571 2315 vim
2604 2252 3038 2317 constituendi

1082 2368 1532 2432 auctoritatem
1565 2366 1946 2445 imponendi
1988 2369 2052 2430 et
2103 2367 2450 2431 inducendi
2506 2367 2679 2450 quod
2709 2368 2867 2430 alias
2906 2370 3038 2431 stat·

1080 2486 1192 2560 est,
1242 2484 1305 2546 et
1332 2481 1723 2564 generaliter
1764 2499 1878 2546 seu
1908 2482 2264 2562 specialiter
2308 2483 2635 2547 observari
2680 2486 3038 2565 praeceptur

1161 2621 1191 2658 ι)
1224 2599 1549 2680 Multoque
1582 2599 1802 2661 minus
1826 2597 1896 2660 in
1929 2597 2303 2679 hujusmodi
2334 2599 2620 2662 conciliis
2648 2598 2727 2662 de
2758 2601 2952 2663 rebus
2982 2601 3038 2662 fi«

1081 2714 1440 2797 majoribus
1504 2715 1716 2779 causis
1784 2714 2043 2779 tractari
2104 2715 2217 2777 aut
2274 2714 2634 2796 quidquam
2701 2714 2963 2778 definiri
3024 2734 3038 2796 1

1083 2836 1158 2911 (c.
1194 2831 1493 2913 Majores‚
1541 2830 1612 2893 de
1640 2829 1985 2910 baptismo).

1032 2933 1037 2938 ’
1164 2971 1195 3007 »
1225 2953 1364 3013 Non
1388 2949 1609 3010 tamen
1637 2945 1872 3007 borum
1896 2946 2166 3025 potestas
2190 2944 2350 3009 adeo
2371 2946 2816 3028 restringitur,
2836 2948 3001 3029 quin
3024 2966 3038 3010 1

1084 3067 1364 3131 statuere
1388 3061 1632 3144 possint
1660 3061 1830 3123 circa
1859 3077 1935 3123 ea
1971 3078 2116 3143 quae
2155 3062 2360 3124 totam
2391 3062 2790 3142 provinciam
2819 3081 3038 3126 conce1

1084 3182 1318 3263 praeter
1350 3180 1459 3260 jus
1500 3192 1870 3250 commune,
1916 3176 1980 3239 et
2013 3175 2402 3258 quandoque
2437 3177 2632 3241 etiam
2677 3180 2902 3241 contra
2941 3178 3038 3241 ilh

1088 3314 1279 3361 causa
1311 3293 1572 3374 urgenti
1601 3290 2042 3354 verisimiliter
2070 3308 2107 3352 a
2129 3308 2374 3354 canone
2403 3309 2534 3354 non
2551 3292 2936 3372 praevisa...;
2969 3311 3038 3356 su

1083 3409 1352 3475 decretis
1376 3409 1485 3488 jus
1537 3422 1886 3469 commune
1938 3404 2247 3486 adjuvare
2294 3404 2589 3469 addendo
2618 3423 2820 3469 novas
2850 3425 3038 3487 poena

1084 3525 1382 3605 antiquas
1412 3520 1734 3602 augendo.

1163 3661 1195 3699 ι)
1231 3640 1551 3702 Coeterum
1586 3636 1666 3699 ad
1691 3635 2058 3699 evitandam
2086 3653 2352 3699 omnem
2375 3636 2750 3699 ambitionis
2778 3640 2843 3701 et
2877 3655 3038 3717 praes

1084 3755 1276 3821 tionis
1305 3751 1740 3833 suspicionem
1769 3750 2232 3814 abstinendum
2261 3750 2385 3814 erit
2423 3768 2459 3813 a
2507 3752 3001 3833 promulgandis

1083 3869 1356 3936 decretis
1385 3885 1529 3951 quae
1547 3866 1683 3948 juri
1715 3866 2048 3929 communi
2068 3868 2131 3929 et
2156 3866 2475 3929 Pontificis
2500 3867 3038 3931 constitutionibu

1082 4004 1207 4051 nus
1244 3983 1621 4059 consonent,
1652 3981 1850 4045 etiam
1898 3980 1966 4043 in
2018 3981 2273 4045 casibus
2311 3982 2470 4045 alias
2518 3982 2922 4062 permissis...

1162 4123 1195 4161 n
1229 4105 1301 4163 ln
1328 4099 1518 4162 rebus
1548 4095 1763 4159 dubiis
1792 4098 1854 4159 et
1877 4096 1955 4159 de
1984 4099 2133 4177 jure
2156 4097 2583 4160 controversis
2616 4114 2748 4159 non
2784 4097 2970 4160 facile
2999 4097 3038 4159 d

1079 4219 1288 4283 tiones
1318 4215 1501 4291 flant,
1549 4212 1905 4293 praesertim
1936 4213 2048 4275 ubi
2096 4230 2290 4293 grave
2336 4212 2596 4294 aliquod
2625 4212 3038 4293 praejudicium

1080 4333 1213 4399 rari
1241 4330 1467 4413 potest,
1496 4328 1698 4392 veluti
1725 4328 1793 4391 in
1842 4327 2116 4390 materia
2152 4329 2711 4391 sacramentorum
2743 4327 3038 4391 enodand

1080 4442 1470 4529 explicandis
1519 4442 1773 4505 casibus
1819 4459 2200 4521 usurarum,
2254 4444 2318 4505 et
2363 4442 2649 4506 aliorum
2689 4443 3023 4519 vitiorum,

1080 4566 1204 4629 bus
1231 4560 1549 4626 timoratae
1571 4558 1976 4621 conscientiae
2006 4557 2244 4621 irretiri
2289 4561 2632 4638 possunt...
