3038 5623
589 772 1027 831 OPERATIONS
1074 782 1174 828 nu
1230 781 1532 829 coneum
1587 783 1832 849 ruma,
1896 785 2048 831 E'rc.
2255 765 2396 836 433

344 925 494 990 Plus
532 924 701 1002 tarel,
740 923 778 988 a
814 924 878 987 13
911 923 1086 1004 place
1114 922 1193 986 de
1230 940 1335 986 ces
1373 923 1807 1002 conferences,
1844 926 2083 1008 l’usage
2126 927 2401 992 s’etablit

270 1042 344 1105 de
371 1040 490 1104 lire
516 1040 609 1104 les
636 1038 881 1102 decrets
911 1038 1020 1103 des
1051 1038 1327 1102 concites
1364 1038 1849 1122 oecumeniques
1879 1027 2400 1121 precedemment

269 1155 564 1233 celebreS‚
612 1156 676 1219 et
727 1155 980 1217 surtout
1019 1153 1079 1217 le
1126 1153 1384 1217 dernier
1417 1172 1433 1216 ε
1470 1176 1500 1212 ((
1533 1155 1725 1218 Prout
1760 1155 1945 1234 olim,
1971 1155 2066 1220 dit
2107 1162 2400 1240 Fagnan,

271 1295 301 1333 >³
333 1271 685 1336 concilium
734 1269 1133 1351 Ephesinum
1184 1268 1312 1351 legi
1370 1271 1790 1333 consueverat
1839 1270 1911 1333 in
1961 1272 2221 1353 synodis
2259 1291 2402 1355 pro—

271 1410 303 1448 »
332 1386 748 1464 vincialibuS,
794 1387 951 1449 teste
1006 1384 1246 1449 Isidoro
1279 1387 1398 1460 (De
1434 1384 1835 1448 celebratione
1871 1387 2174 1466 concilii),
2209 1387 2405 1471 idque

273 1528 299 1563 n
335 1500 709 1566 succedebat
765 1502 902 1564 loco
967 1501 1233 1563 illarum
1304 1499 1788 1563 institutionum
1852 1502 1918 1564 et
1984 1502 2404 1566 collationum

274 1641 303 1679 »
337 1636 480 1701 quae
522 1617 601 1681 de
653 1615 994 1698 praecipuis
1035 1614 1183 1678 fidei
1224 1615 1546 1697 mysteriis
1580 1615 1646 1678 in
1693 1615 1922 1696 primis
1951 1616 2179 1681 diebus
2209 1616 2409 1682 babe-

271 1756 305 1796 »
337 1734 598 1797 bantur.
628 1756 662 1792 »

349 1850 660 1914 Innocent
704 1853 809 1926 ΙΙΙ,
839 1848 999 1912 (13113
1042 1848 1102 1911 16
1132 1854 1194 1908 4·
1237 1846 1481 1911 concile
1522 1846 1975 1929 oecumenique
2023 1847 2099 1912 de
2146 1849 2406 1927 Latran,

273 1964 551 2045 chapitre
594 1971 677 2042 6⁸,
727 1962 1065 2043 s’exprime
1102 1962 1268 2025 ainsi
1321 1980 1404 2025 au
1457 1963 1624 2042 quet
1674 1961 1785 2026 des
1829 1963 2105 2044 synodes
2152 1964 2411 2045 provin-

269 2080 454 2144 ciaux
500 2099 518 2143 τ
558 2102 589 2140 «
630 2078 981 2143 canonicas
1022 2078 1306 2160 regulaS‚
1349 2078 1414 2141 et
1457 2077 1742 2142 maxime
1771 2097 1916 2161 quae
1959 2081 2210 2143 statutae
2254 2080 2409 2142 sunt

268 2219 297 2255 »
334 2196 433 2267 in.
453 2196 574 2260 hoc
603 2194 890 2277 generali
919 2194 1213 2271 concilio,
1241 2194 1600 2276 relegentes
1639 2195 1713 2257 ut
1756 2212 1862 2258 cas
1910 2194 2149 2258 faciant
2185 2195 2406 2259 obser-

269 2335 303 2374 ))
333 2313 492 2377 vari.
539 2335 570 2371 n

347 2433 514 2493 Dans
543 2430 602 2492 16
629 2427 870 2492 concile
896 2426 977 2490 de
1001 2425 1331 2490 Bordeaux
1355 2426 1434 2490 de
1457 2433 1638 2504 16-24,
1671 2444 1839 2490 nous
1864 2443 2109 2508 voyons
2132 2429 2224 2491 les
2250 2421 2410 2493 Eve-

267 2562 424 2625 ques
453 2543 726 2607 debuter
755 2560 871 2624 par
898 2560 1029 2606 une
1065 2541 1524 2623 congregation
1557 2541 1798 2621 privee,
1830 2543 1942 2624 qui
1979 2545 2073 2606 est
2101 2543 2264 2607 ainsi
2299 2563 2405 2609 re·-

267 2659 427 2724 13166
450 2660 611 2723 dans
633 2660 724 2723 les
746 2658 1313 2740 proces-verbaux:
1344 2657 1618 2721 «Habita
1642 2659 2051 2741 congregatio
2076 2660 2401 2741 privata...

269 2775 350 2839 ab
382 2773 820 2839 illustrissimo
849 2777 919 2837 D.
950 2773 1274 2840 cardinali
1305 2774 1369 2838 61
1394 2773 1913 2857 Archiepiscopo,
1946 2775 2054 2839 cui
2085 2775 2403 2842 interfue-

267 2894 425 2954 runt
464 2890 985 2956 reverendissimi
1024 2895 1093 2954 D.
1130 2894 1199 2954 D.
1241 2890 1887 2971 comproVInciales...
1935 2891 2150 2973 ibique
2187 2894 2405 2956 actum

266 3006 344 3070 de
380 3006 575 3071 modo
606 3005 920 3070 habendae
947 3006 1464 3088 congregauonis
1491 3007 1783 3088 publicae,
1816 3006 1895 3070 de
1928 3007 2225 3071 creandis
2262 3008 2404 3072 offi-

267 3124 479 3188 ciariis
530 3142 645 3188 seu
694 3122 1098 3203 adjutoribus
1154 3122 1439 3200 concilii,
1496 3122 1575 3186 de
1620 3122 2040 3203 praecedentia
2093 3140 2404 3203 procura-

267 3243 488 3304 torum
531 3241 596 3304 et
640 3238 1058 3303 ecclesiarum
1100 3237 1572 3302 cathedralium
1624 3238 1795 3300 inter
1846 3256 1936 3316 se,
1974 3238 2054 3302 de
2092 3237 2404 3321 theologis

270 3355 335 3417 et
366 3354 709 3418 canonistis
746 3353 1175 3432 assumendiS‚
1216 3354 1293 3416 de
1333 3353 1545 3434 prima
1582 3352 1882 3430 sessione,
1923 3352 2000 3417 de
2042 3371 2404 3436 congrega-

269 3468 558 3532 tionibus
621 3469 885 3550 privatis
945 3470 1009 3533 et
1067 3468 1372 3561 publicIS,
1432 3468 1497 3530 et
1559 3467 1839 3531 secunda
1903 3469 2182 3534 sessione
2235 3470 2407 3533 indi-

264 3584 491 3648 cenda.
542 3585 778 3663 Quibus
820 3583 1121 3667 peractIS,
1165 3583 1639 3647 illustrissimus
1684 3588 1754 3647 D.
1802 3602 1955 3647 cum
2009 3585 2405 3649 reverendis·

265 3701 453 3764 simis
506 3704 577 3764 D.
619 3704 690 3763 D.
739 3700 1058 3782 Episcopis
1106 3699 1333 3764 habuit
1376 3699 1938 3781 congregationem
1982 3700 2332 3781 publicam.
2358 3723 2392 3760 ι)

265 3815 618 3904 (Odespun²
659 3835 721 3898 p.
763 3820 928 3895 679.)

343 3936 459 3996 Les
489 3932 763 3997 conciles
789 3932 865 3996 de
892 3931 1115 4010 Milan,
1154 3949 1301 3996 sous
1333 3932 1504 3995 saint
1532 3930 1790 3995 charles
1815 3929 2175 4009 Borromee,
2214 3948 2397 3994 com-

259 4050 565 4112 mencent
607 4047 782 4112 aussi
825 4066 941 4129 par
982 4065 1113 4112 une
1156 4046 1615 4129 congregation
1657 4044 1893 4127 privee.
1941 4050 2053 4110 Les
2096 4047 2263 4110 actes
2300 4046 2393 4111 du

253 4163 545 4244 premier
571 4163 650 4228 de
678 4182 782 4228 ces
813 4164 1084 4229 conciles
1110 4163 1484 4245 rapportent
1507 4179 1633 4243 que
1661 4160 1822 4224 dans
1851 4161 2013 4224 cette
2043 4161 2394 4244 congrega-

249 4279 395 4343 tion
419 4278 638 4361 privee
662 4299 749 4343 on
771 4280 1088 4343 distribua
1106 4280 1198 4342 les
1220 4278 1521 4343 matieres
1549 4276 1586 4339 a
1609 4276 1832 4341 traiter
1853 4275 1891 4340 a
1913 4275 2190 4341 diverses
2216 4296 2388 4342 com-

250 4395 583 4473 missione,
616 4394 940 4477 presidees
970 4396 1259 4461 chacune
1288 4411 1406 4477 par
1430 4412 1524 4458 un
1553 4392 1807 4476 Eveque
1821 4411 1844 4475 3
1879 4392 2043 4457 mais
2075 4393 2140 4462 la
2170 4395 2386 4459 nomi-

2018 4516 2095 4572 28
