3038 5623
632 476 725 546 80
1338 479 1713 543 ΒΕυΧιὲΜΕ
1765 499 2044 548 PARTm.

1598 841 1791 940 §HL

1126 1087 1524 1138 condamnation
1549 1086 1612 1136 de
1633 1099 1693 1137 66
1715 1087 1935 1151 systema
1954 1102 2050 1152 par
2070 1089 2155 1139 Pie
2176 1090 2260 1140 vl.

724 1338 808 1397 Le
837 1349 995 1413 pape
1019 1331 1123 1395 Pie
1142 1335 1223 1395 VI
1244 1330 1608 1395 condamne
1628 1330 2107 1395 formellement
2124 1349 2194 1396 ce
2220 1332 2495 1413 systeme
2513 1349 2759 1396 comme

637 1466 770 1512 une
799 1465 1025 1511 erreur
1037 1472 1053 1526 3
1105 1446 1153 1509 il
1190 1446 1284 1508 dit
1325 1465 1452 1528 que
1487 1448 1653 1510 cette
1683 1433 1912 1511 erreur
1939 1450 2038 1512 est
2064 1465 2195 1511 une
2234 1447 2344 1511 des
2379 1449 2526 1528 plus
2556 1447 2765 1530 perni-

633 1565 875 1629 cieuses
922 1563 984 1625 et
1018 1562 1129 1625 des
1168 1562 1315 1641 plus
1348 1561 1746 1642 deplorables
1756 1581 1775 1642 3
1829 1581 1957 1643 que
1994 1563 2053 1625 le
2081 1562 2250 1627 droit
2281 1565 2630 1645 pontifical,
2661 1561 2765 1627 nie

631 1697 748 1761 par
783 1697 855 1742 ce
896 1677 1194 1759 systeme,
1238 1677 1332 1740 est
1373 1695 1468 1739 un
1511 1676 1622 1739 des
1651 1678 1794 1757 plus
1837 1677 2220 1757 importants
2250 1677 2330 1742 de
2359 1679 2420 1741 la
2446 1677 2766 1760 primaute

630 1795 720 1858 du
755 1792 1161 1873 Saint-Siege.
1194 1792 1372 1856 Voici
1420 1809 1517 1855 ses
1556 1809 1818 1872 propres
1862 1792 2262 1871 expressions
2296 1810 2311 1854 :
2349 1815 2384 1852 «
2416 1794 2602 1870 Quod
2635 1811 2766 1871 voS,

634 1932 665 1969 ι)
701 1908 1100 1974 venerabiles
1136 1908 1389 1984 fratres,
1441 1906 1749 1970 adversus
1790 1924 2017 1971 omnes
2059 1908 2477 1972 nuntiaturas
2524 1909 2772 1972 bellum

634 2047 671 2086 »
707 2023 1023 2087 indixistis
1063 2022 1126 2085 id
1133 2070 1254 2086 .....
1302 2023 1622 2103 majorem
1670 2041 1708 2084 a
1753 2021 1942 2085 nobis
1987 2021 2630 2087 animadversionem
2667 2040 2770 2085 ex-

633 2161 665 2199 »
701 2140 999 2221 postulat.
1042 2138 1216 2201 Nihil
1250 2137 1428 2200 enim
1466 2139 1562 2200 est
1598 2137 1667 2200 in
1709 2156 1837 2219 quo
1874 2138 2010 2200 arte
2038 2138 2102 2200 et
2131 2137 2342 2201 studio
2364 2138 2771 2201 consiliario-

635 2277 667 2314 »
701 2273 853 2318 rum
908 2254 1275 2317 vestrorum
1343 2253 1599 2315 structa>
1663 2253 1726 2315 et
1786 2253 2172 2333 comparatae
2219 2252 2465 2314 fuerint
2525 2253 2778 2317 insidiae

628 2391 664 2430 »
699 2369 909 2449 magis
928 2367 1211 2431 exitiales
1236 2368 1299 2430 et
1318 2367 1677 2446 majoribus
1702 2367 2007 2448 lacrymis
2026 2367 2516 2449 prosequendae.
2544 2368 2779 2450 Agitur

634 2507 665 2543 n
697 2483 775 2546 de
802 2483 1096 2565 graviore
1117 2483 1307 2563 atque
1332 2482 1674 2562 insigniori
1692 2484 1841 2563 jure
1866 2483 2182 2563 primatus
2205 2483 2274 2546 in
2296 2485 2482 2547 Petro
2503 2486 2780 2566 ejusque

632 2621 665 2659 n
703 2596 1179 2662 successoribus
1218 2615 1255 2660 a
1284 2596 1534 2660 Christo
1565 2597 1876 2677 instituti3
1923 2616 2055 2680 quo
2084 2597 2423 2680 praedictus
2451 2617 2782 2664 romanus

631 2737 664 2774 ι)
701 2714 1010 2791 Pontifex,
1050 2713 1210 2776 dum
1240 2730 1564 2794 agnorum
1592 2714 1657 2775 et
1685 2712 1909 2776 ovium
1949 2713 2071 2776 sibi
2096 2713 2638 2779 concreditarum
2662 2734 2783 2779 cu-

634 2853 666 2890 »
704 2834 847 2893 ram
875 2828 1042 2910 gerit
1068 2828 1471 2905 universam,
1510 2845 1630 2890 suo
1659 2827 1959 2908 fungitur
1989 2829 2332 2909 apostolico
2355 2847 2645 2895 munere
2670 2848 2787 2912 per

635 2967 667 3005 »
707 2944 1156 3009 ecclesiasticos
1197 2943 1394 3019 viros,
1440 2943 1576 3006 sive
1620 2943 1902 3022 stabileS,
1946 2944 2077 3008 sive
2126 2944 2207 3008 ad
2245 2948 2534 3027 tempus,
2583 2947 2790 3012 veluti

634 3082 668 3119 »
701 3060 909 3140 magis
944 3058 1238 3140 expedire
1265 3053 1612 3136 censuerit,
1638 3058 1961 3139 delegatos
1991 3059 2061 3122 in
2096 3060 2175 3123 iis
2211 3060 2449 3125 dissitis
2475 3065 2645 3128 locis
2673 3062 2792 3127 ubi

630 3200 660 3234 »
695 3176 830 3256 ipse
873 3174 1178 3237 interesse
1218 3191 1350 3236 non
1390 3174 1627 3253 potest3
1670 3174 2044 3255 praecipiens
2074 3174 2317 3239 eisdem
2366 3178 2438 3240 ut
2488 3179 2587 3241 ibi
2635 3196 2789 3241 suas

629 3313 661 3350 »
698 3290 867 3353 vices
903 3289 1160 3367 obeant,
1210 3304 1482 3369 eamque
1519 3288 2041 3368 jurisdictionem
2080 3293 2440 3370 exerceant,
2467 3313 2687 3375 quam
2736 3294 2791 3357 is

631 3425 664 3463 ι)
700 3422 813 3484 per
836 3421 900 3466 56
925 3402 977 3465 51
1015 3401 1285 3479 adesset,
1307 3407 1702 3466 exerceret...
1738 3403 2115 3469 Incredibile
2140 3404 2314 3469 dictu
2341 3409 2514 3470 esset
2549 3408 2795 3490 hujus-

631 3540 663 3578 »
699 3517 877 3582 111οό1
906 3516 1282 3597 opinionem
1305 3518 1370 3579 et
1398 3520 1939 3597 argumentorum
1971 3521 2266 3600 portenta
2292 3521 2489 3586 fuisse
2515 3541 2643 3587 vos
2668 3540 2795 3585 un·
2832 3581 2839 3589 .

638 3658 663 3691 »
700 3652 901 3715 quam
934 3633 1207 3707 secutOS,
1249 3631 1302 3695 si
1325 3633 1540 3695 vestra
1563 3631 1801 3713 scripta
1827 3635 1907 3696 ad
1937 3652 2054 3698 nos
2079 3634 2299 3714 missa,
2326 3639 2389 3699 et
2416 3637 2502 3700 ad
2542 3655 2796 3702 manus

635 3769 669 3806 »
703 3749 953 3811 nostras
978 3747 1208 3825 delata,
1238 3765 1371 3810 non
1407 3747 1549 3811 sine
1585 3748 1910 3812 immensa
1935 3749 2141 3813 animi
2173 3751 2572 3832 aegritudine
2598 3753 2799 3818 nohis

635 3888 667 3924 »
704 3883 837 3930 non
867 3863 1329 3944 persuaderent
1355 3882 1469 3928 vos
1499 3864 1777 3927 aliorum
1805 3864 2056 3928 malitia
2083 3865 2576 3931 circumventos
2609 3868 2800 3949 peni-

635 4001 666 4036 »
696 3981 803 4042 tus
833 3978 1031 4059 hujus
1063 3979 1318 4059 generis
1360 3980 1696 4043 sententiis
1725 3979 2233 4043 adhaerescere...
2281 3982 2604 4062 Cogimur
2632 4000 2801 4065 ergo

631 4117 663 4154 »
701 4096 891 4176 atque
920 4094 1375 4175 compellimur
1407 4112 1949 4177 unumquemque
1975 4096 2269 4159 vestrum
2306 4097 2389 4159 ab
2417 4115 2660 4163 errore
2693 4117 2805 4163 re-

635 4232 667 4270 »
705 4228 938 4274 vocare
967 4209 1038 4273 in
1070 4227 1269 4292 quem
1322 4209 1470 4273 estis
1501 4210 1736 4274 misere
1777 4210 2073 4293 prolapsi,
2126 4210 2558 4294 indigitantes
2605 4213 2803 4279 vobis
