3038 5623
650 837 793 913 226
1357 837 1744 902 ‘mmsn‘ffln
1793 857 2075 905 mum.

647 1025 680 1063 n
712 1002 847 1081 (ἅτε
892 999 1156 1084 προνομία
1195 1003 1292 1073 τῆς
1342 998 1395 1060 έν
1446 997 1640 1081 Ῥώμῃ
1696 997 1986 1074 ἔκκλησιας
2035 999 2306 1081 ἐχούσης)
2365 1001 2758 1069 liberioribus

645 1139 680 1179 >³
706 1116 938 1180 litteris
959 1133 1064 1179 eos
1086 1114 1526 1178 communitos
1544 1113 1613 1177 in
1627 1114 1952 1179 Orientem
1975 1115 2247 1195 remisit,
2268 1116 2540 1198 singulis
2565 1118 2762 1182 sedem

646 1255 679 1294 ι)
710 1248 901 1296 suam
933 1228 1306 1293 restituens,
1330 1249 1362 1286 n

726 1351 809 1410 Le
844 1344 1088 1428 synode
1119 1344 1198 1408 de
1228 1347 1477 1424 Capoue
1508 1343 1680 1407 avait
1707 1342 1987 1426 renvoye
2020 1344 2057 1407 a
2089 1344 2464 1427 Theophile,
2502 1347 2765 1428 pati-lar-

645 1463 762 1527 che
809 1459 1287 1537 d'Alexandric,
1334 1458 1400 1521 la
1449 1475 1641 1522 cause
1691 1458 1772 1522 de
1821 1459 2122 1538 Flavien‚
2175 1461 2534 1541 patriarche
2588 1462 2767 1525 d’An-

645 1577 875 1640 tioche.
910 1576 1089 1640 Saint
1105 1573 1441 1638 Ambroise
1465 1574 1919 1638 recommande
1943 1573 2340 1656 aTheophile
2364 1575 2511 1640 d'en
2540 1576 2770 1641 referer

644 1710 730 1755 au
758 1696 947 1771 Pape,
978 1690 1042 1752 et
1068 1690 1115 1752 il
1141 1688 1236 1752 lui
1267 1687 1359 1751 dit
1389 1689 1547 1770 qu'il
1580 1688 1894 1753 adherera
1924 1689 1963 1753 a
1989 1707 2062 1752 ce
2092 1706 2219 1770 que
2257 1690 2537 1754 statuera
2568 1691 2630 1755 le
2669 1709 2767 1774 sy-

643 1805 809 1869 node
847 1802 1320 1881 d'Alexandrie‚
1366 1822 1623 1884 pourvu
1662 1822 1786 1886 que
1829 1804 1889 1867 le
1919 1805 2265 1886 jugement
2297 1805 2375 1869 de
2425 1822 2496 1869 ce
2539 1807 2771 1888 synode

642 1922 763 1986 soit
804 1918 1130 2002 approuve
1171 1937 1289 2000 par
1329 1918 1583 2000 l’Eglisc
1629 1919 1949 1983 romaine.
1995 1919 2174 1984 Voici
2214 1938 2287 1984 ce
2332 1924 2770 2003 remarquahle

642 2055 948 2119 passage:

729 2174 759 2211 α
780 2156 944 2216 Sane
981 2150 1397 2214 referendum
1435 2150 1833 2214 arbitramur
1869 2150 1951 2215 ad
1988 2152 2286 2215 sanctum
2326 2151 2593 2216 fratrem
2634 2170 2775 2216 nos-

640 2290 671 2327 »
702 2268 883 2330 trum
907 2284 1194 2330 romanae
1215 2265 1608 2330 sacerdotem
1627 2266 1919 2330 Ecclesiae
1932 2291 1950 2345 3
1980 2266 2291 2348 quoniam
2318 2267 2775 2348 praesumimus

640 2405 670 2441 n
704 2402 780 2447 ea
811 2384 874 2447 te
905 2383 1354 2463 judicaturum
1382 2401 1530 2464 quae
1568 2382 1765 2446 etiam
1794 2381 1890 2445 illi
1919 2381 2262 2463 displicere
2293 2384 2644 2464 nequeant.
2689 2385 2775 2446 Ita

642 2523 670 2558 »
705 2499 882 2563 enim
926 2498 1084 2561 utile
1122 2497 1247 2561 erit
1284 2498 1661 2562 consultum
1697 2498 2048 2573 sententiae,
2097 2499 2188 2562 ita
2227 2497 2401 2579 pacis
2442 2500 2509 2561 et
2546 2498 2778 2579 quietis

637 2637 672 2676 »
702 2614 1032 2691 securitaS,
1061 2613 1112 2676 si
1137 2613 1202 2676 id
1226 2614 1437 2677 vestro
1460 2613 1781 2676 statuatur
1802 2613 2097 2693 consilio,
2123 2612 2296 2695 quod
2321 2613 2775 2676 communioni

637 2751 670 2789 ›>
703 2730 939 2793 nostrae
976 2728 1441 2794 dissensionem
1482 2746 1614 2792 non
1656 2728 1911 2809 afferat3
1959 2730 2035 2791 ut
2071 2746 2190 2793 nos
2230 2746 2485 2810 quoque
2527 2730 2777 2810 accepta

638 2866 670 2904 n
700 2846 1067 2909 vestrorum
1107 2844 1271 2908 serie
1317 2845 1735 2921 statutorum,
1771 2862 1926 2908 cum
1959 2844 2024 2907 id
2060 2846 2316 2926 gestum
2357 2862 2494 2908 esse
2544 2863 2775 2926 cogno-

639 2981 669 3019 »
700 2960 1011 3039 verimus‚
1037 2958 1208 3042 quod
1226 2959 1502 3023 Ecclesia
1526 2977 1798 3023 romana
1823 2959 1995 3024 haud
2020 2960 2213 3024 dubie
2236 2960 2775 3040 comprobaverit,

639 3094 672 3135 >³
699 3075 827 3139 laeti
857 3076 1143 3139 fructum
1175 3074 1550 3155 hujusmodi
1581 3075 1896 3138 examinis
1934 3075 2394 3155 adipiscamur.
2417 3097 2448 3134 a
2489 3079 2509 3153 (
2526 3076 2774 3139 Edition

637 3192 873 3272 Migne.
907 3190 1087 3254 Saint
1110 3191 1472 3268 Ambroise,
1502 3191 1548 3254 t.
1577 3195 1681 3268 ΙΙΙ,
1712 3210 1777 3272 p.
1808 3194 2013 3269 1172.)
2052 3192 2183 3273 (On
2214 3192 2368 3271 peut
2393 3190 2540 3254 voir
2570 3210 2681 3254 sur
2706 3207 2777 3253 ce

637 3307 803 3369 texte
840 3306 1314 3387 l’appreciation
1345 3306 1422 3371 de
1459 3306 1608 3371 Chr.
1634 3306 1828 3385 Wolf,
1863 3306 2148 3371 Dictatus
2186 3310 2246 3370 S.
2280 3310 2468 3388 Greg.
2494 3310 2653 3384 Vlll,
2698 3304 2776 3368 ad

639 3438 783 3486 can.
818 3421 943 3502 21.)

719 3540 802 3599 Le
837 3536 1083 3599 concile
1121 3536 1201 3600 de
1238 3535 1586 3619 Sardique,
1624 3536 1758 3600 l'an
1797 3543 1941 3614 347,
1983 3535 2251 3600 ecrivait
2286 3535 2452 3599 ainsi
2499 3553 2586 3599 au
2621 3553 2779 3617 pape

641 3650 817 3715 Jules
848 3655 958 3714 10‘:

729 3770 908 3829 «Hoc
935 3766 1256 3847 optimum
1283 3767 1347 3828 et
1367 3764 1554 3828 valde
1584 3765 2245 3846 congruentissimum
2264 3764 2689 3846 judicabitur,
2721 3760 2781 3823 si

639 3906 669 3942 »
704 3882 785 3945 ad
827 3882 1050 3962 caput,
1093 3880 1159 3943 id
1204 3881 1299 3944 est
1339 3880 1418 3943 ad
1456 3880 1628 3943 Petri
1671 3878 1927 3958 sedem,
1971 3879 2049 3942 de
2098 3880 2374 3960 singulis
2417 3880 2781 3961 quibusque

639 4019 675 4058 »
705 3996 1051 4078 provinciis
1094 3988 1355 4058 Domini
1399 3994 1685 4058 referant
1728 3994 2155 4058 sacerdoteS.»
2210 3997 2404 4072 (Dom
2446 3990 2781 4060 Coustant,

640 4103 932 4183 Epistolae
948 4107 1387 4166 Romanorum
1404 4101 1787 4165 Pontificum
1803 4101 2008 4181 praef„
2029 4118 2176 4182 pag.
2190 4118 2299 4163 xiv
2310 4119 2331 4181 3
2355 4100 2559 4178 Paris,
2575 4107 2603 4161 1
2616 4103 2683 4159 72
2694 4102 2720 4156 1
2737 4096 2786 4172 .)

723 4218 878 4281 L'an
917 4225 1056 4295 342,
1099 4218 1364 4295 Marcel,
1419 4215 1663 4298 eveque
1704 4215 2045 4297 d'Ancyre,
2087 4213 2247 4278 ecrit
2283 4214 2453 4278 ainsi
2502 4231 2587 4278 au
2622 4225 2794 4292 pape

644 4332 819 4397 Jules
849 4337 961 4396 10':

737 4450 946 4511 «Cum
970 4448 1272 4511 nonnulli
1297 4466 1374 4511 ex
1397 4448 1476 4512 iis
1497 4446 1635 4529 qui,
1660 4446 1834 4530 quod
1861 4465 1993 4511 non
2016 4446 2186 4510 recte
2207 4442 2570 4521 crederent,
2594 4443 2798 4504 antea

646 4584 682 4626 >³
711 4562 1123 4629 condemnati
1156 4563 1333 4642 sunt,
1362 4564 1609 4646 quique
1646 4582 1684 4626 a
1707 4580 1817 4632 me
1848 4562 1921 4626 in
1949 4561 2207 4627 Nicaena
2235 4560 2480 4643 synodo
2510 4551 2801 4623 convicti
