3038 5623
1164 800 1655 864 crimimomAL.
2335 796 2476 866 549

422 959 639 1023 Finito
659 961 925 1040 psalma,
951 966 1006 1023 et
1028 960 1288 1040 repetita
1310 959 1682 1038 antiphona,
1710 958 2265 1049 Pontifextsurqit,
2297 958 2480 1041 depo-

342 1074 473 1139 sita
510 1076 724 1153 mitra,
761 1082 818 1138 et
844 1091 1055 1138 versus
1098 1073 1183 1137 ad
1228 1073 1431 1138 altare
1468 1073 1621 1136 dicit
1650 1097 1671 1137 .-

421 1268 769 1346 AdsumuS‚
805 1268 1076 1332 Domine
1112 1269 1336 1332 Sancte
1368 1266 1666 1350 Spiritus,
1692 1267 2028 1347 adsumus,
2060 1269 2302 1350 peccati
2336 1272 2484 1354 qui·

342 1384 493 1448 dem
525 1383 869 1447 immanite
897 1382 1159 1461 detenti,
1195 1382 1305 1447 sed
1328 1384 1399 1446 in
1430 1383 1699 1447 nomine
1722 1384 1837 1446 tuo
1866 1384 2223 1464 specialiter
2250 1403 2486 1467 aggre-

340 1499 470 1581 gati
496 1516 513 1560 ε
544 1498 695 1562 veni
737 1497 817 1561 ad
857 1516 998 1577 neS,
1040 1497 1255 1562 adesto
1293 1497 1515 1578 nobis3
1560 1498 1833 1580 dignare
1871 1498 2049 1562 illabi
2077 1499 2149 1563 in
2184 1500 2485 1567 cordibus

340 1613 619 1677 nostris:
646 1612 800 1677 doce
843 1630 963 1676 nos
1002 1611 1160 1694 quid
1207 1630 1513 1695 agamus3
1558 1631 1689 1695 quo
1750 1612 2126 1694 gradiamur
2179 1616 2481 1696 ostende3

341 1727 497 1809 quid
535 1727 893 1791 efficiamus
934 1744 1222 1809 operare.
1262 1729 1411 1792 Esto
1448 1729 1622 1792 solus
1670 1729 1734 1792 et
1759 1732 2093 1811 suggestor
2119 1731 2184 1795 et
2231 1732 2489 1796 effector

332 1841 733 1924 judiciorum
760 1844 1161 1920 nostrorum,
1193 1842 1308 1923 qui
1333 1843 1510 1906 solus
1531 1861 1685 1907 cum
1709 1846 1837 1908 Deo
1866 1844 2050 1908 Patre
2072 1846 2137 1909 et
2153 1847 2295 1926 ejus
2323 1847 2488 1911 Filio

341 1975 581 2021 nomen
611 1958 892 2039 possides
942 1957 1295 2040 gloriosum
1325 1976 1342 2020 ε
1376 1976 1509 2021 non
1552 1976 1668 2023 nos
1710 1958 1972 2041 patiaris
2016 1962 2487 2041 perturbatores

341 2090 477 2136 esse
519 2071 811 2152 Justitiae,
863 2073 978 2155 qui
1031 2090 1288 2137 summe
1331 2073 1549 2156 diligis
1599 2074 1967 2156 aequitatem
1981 2094 2002 2156 ;
2034 2078 2111 2139 ut
2145 2076 2486 2142 sinistrum

339 2205 458 2251 nos
497 2206 630 2251 non
662 2188 1034 2270 ignorantia
1052 2188 1291 2267 trahat,
1330 2206 1463 2251 non
1493 2189 1677 2252 favor
1717 2187 2033 2264 inflectat3
2096 2170 2246 2253 non·
2271 2208 2487 2273 accep-

342 2303 431 2366 tio
453 2304 747 2367 muneris
783 2305 886 2367 vel
918 2321 1208 2385 personae
1250 2305 1669 2385 corrumpat:
1712 2304 1824 2369 sed
1847 2308 2054 2386 junge
2083 2323 2203 2369 nos
2239 2305 2358 2370 tibi
2388 2307 2484 2371 ef-

342 2418 621 2482 ficaciter
650 2418 849 2483 solius
871 2418 998 2481 tuae
1039 2417 1261 2499 gratiae
1288 2417 1483 2496 dono,
1525 2420 1601 2482 ut
1626 2419 1833 2483 simus
1871 2420 1941 2483 in
1968 2421 2030 2485 te
2058 2438 2298 2499 unum,
2326 2421 2484 2486 etin

341 2534 525 2598 nullo
548 2533 882 2598 deviemus
924 2551 963 2597 a
993 2551 1147 2598 vero
1162 2552 1184 2613 ;
1213 2535 1533 2615 quatenus
1560 2534 1631 2597 in
1655 2535 1923 2600 nomine
1950 2536 2064 2600 tuo
2102 2535 2370 2615 collecti,
2393 2536 2484 2602 sic

340 2651 411 2713 in
438 2649 687 2715 cunctis
716 2651 1054 2713 teneamus
1079 2667 1233 2713 cum
1276 2649 1722 2714 moderamine
1758 2649 2012 2731 pietatis
2035 2650 2381 2732 justitiam,
2409 2653 2484 2715 ut

341 2764 448 2829 hic
471 2782 508 2830 a
526 2767 594 2830 te
633 2764 703 2830 in
729 2764 914 2829 nullo
943 2763 1280 2829 dissentiat
1302 2764 1620 2830 sententia
1647 2767 1889 2844 nostra,
1921 2767 1986 2830 et
2015 2765 2087 2830 in
2115 2766 2340 2832 futuro
2364 2783 2481 2849 pro

340 2880 507 2944 bene
535 2881 728 2963 gestis
750 2898 1228 2963 consequamur
1256 2881 1529 2962 praemia
1577 2882 1994 2963 sempiterna.

422 2997 846 3077 Respondetur
868 2996 946 3060 ab
972 2998 1258 3061 omnibus
1285 3016 1310 3059 .·
1348 3001 1586 3062 Amen.

1268 3237 1554 3300 Oramus.

422 3442 839 3524 Omnipotens
876 3442 1267 3524 sempiterne
1308 3447 1495 3521 DeuS,
1563 3442 1679 3525 qui
1711 3441 2152 3507 misericordia
2206 3444 2318 3505 tua
2362 3458 2480 3505 nos

340 3557 695 3622 incolumes
723 3557 794 3620 in
823 3558 1105 3622 hocloco
1133 3558 1487 3640 specialiter
1509 3558 1898 3640 aggregasti,
1928 3559 2182 3622 mentes
2204 3560 2476 3634 nostraS,

339 3690 737 3754 quaesumus,
785 3672 1135 3736 Paraclitus
1162 3672 1273 3756 qui
1303 3690 1342 3736 a
1376 3675 1438 3737 te
1480 3671 1765 3754 procedit
1805 3672 2155 3751 illuminet,
2187 3673 2251 3736 et
2284 3671 2478 3735 indu-

338 3789 440 3850 cat
468 3787 539 3850 in
576 3805 871 3866 omnem,
903 3788 1068 3852 sicut
1101 3789 1256 3851 tuus
1295 3788 1594 3869 promisit
1628 3788 1832 3860 filius,
1874 3786 2237 3864 veritatem,
2286 3804 2479 3850 cunc-

337 3903 562 3984 tosque
589 3902 660 3966 in
689 3904 801 3966 tua
827 3902 953 3967 fide
975 3905 1039 3968 et
1064 3903 1377 3968 charitate
1423 3903 1795 3968 corroboret
1809 3923 1833 3983 3
1862 3902 1939 3967 ut
1965 3901 2217 3967 excitati
2245 3920 2281 3964 a
2307 3903 2470 3966 tem-

336 4017 539 4099 porali
559 4019 825 4100 synodo,
852 4018 1267 4099 proficiamus
1292 4017 1372 4082 ad
1401 4020 1659 4083 aeternae
1680 4017 1996 4082 felicitatis
2018 4016 2442 4099 augmentum
2449 4036 2472 4098 3

337 4135 456 4196 Per
482 4134 788 4198 eumdem
815 4134 1271 4199 Dominum...
1300 4138 1366 4215 ¹9·
1398 4139 1634 4200 Amen.

417 4301 639 4365 Finita
664 4301 972 4379 oratione,
997 4300 1319 4383 Pontificem,
1366 4307 1615 4381 accepta
1639 4300 1858 4378 mitra,
1900 4300 2248 4380 procumbit
2277 4318 2469 4383 supra

336 4415 759 4497 faldistorium
803 4416 1207 4496 proedictum,
1263 4415 1409 4480 aliis
1453 4415 1738 4478 omnibus
1793 4413 2331 4496 qenuslectentibus
2342 4435 2371 4494 ,·
2416 4423 2471 4478 et

339 4539 622 4596 cantores
664 4530 875 4594 dicunt
933 4531 1186 4595 litanias
1210 4553 1232 4592 .-
