3038 5623
539 748 682 818 232
1248 751 1636 815 ‘rnolsn'mss
1677 769 1956 818 mmm.

540 918 665 976 toto
702 930 939 994 semper
976 913 1056 978 ab
1080 913 1226 977 orbe
1253 930 1488 977 mecum
1515 914 1710 978 nostis
1738 931 1858 977 esse
1892 920 2228 977 servatam.
2258 921 2320 976 3⁰
2344 919 2440 978 Du
2471 915 2682 978 Saint-

537 1027 745 1110 Siege,
788 1047 1042 1093 comme
1086 1028 1282 1092 d'une
1305 1047 1555 1108 source,
1597 1029 2002 1094 decoulaient
2042 1048 2193 1094 sans
2220 1049 2393 1095 cesse
2425 1030 2535 1094 des
2563 1030 2679 1094 de-

536 1143 770 1208 cisions
812 1149 878 1207 et
907 1144 1018 1208 des
1067 1144 1375 1226 reponses
1420 1163 1589 1226 pour
1627 1145 1836 1209 toutes
1878 1147 1969 1209 les
2010 1145 2371 1226 provinces.
2414 1155 2475 1207 4⁰
2517 1149 2682 1209 Sur-

537 1260 681 1323 tout
723 1259 938 1341 quand
972 1261 1035 1322 la
1063 1260 1150 1323 t'oi
1185 1258 1338 1324 etait
1377 1258 1707 1338 menacee,
1764 1261 1908 1323 tous
1956 1260 2050 1323 les
2092 1252 2384 1342 Eveques
2411 1264 2504 1324 'se
2560 1261 2680 1324 fai-

539 1374 746 1438 saient
791 1393 885 1438 un
913 1375 1137 1439 devoir
1172 1375 1252 1438 de
1306 1376 1598 1440 recourir
1642 1393 1726 1439 au
1778 1392 2161 1439 successeur·
2177 1375 2258 1438 de
2287 1376 2526 1453 Pierre,
2577 1395 2683 1439 ar-

538 1489 741 1553 bitror
772 1508 979 1553 omnes
1021 1491 1419 1572 coepiscopos
1462 1510 1590 1554 non
1634 1491 1761 1554 nisi
1787 1491 1871 1554 ad
1907 1494 2167 1555 Petrum
2188 1492 2417 1573 referre
2444 1492 2677 1555 debere.

536 1607 649 1668 Ces
672 1607 890 1670 lettres
917 1605 1292 1671 d’Innocent
1332 1613 1425 1685 1²²,
1456 1608 1654 1689 qu’on
1704 1607 1999 1688 rapporte
2032 1606 2069 1670 a
2111 1624 2234 1687 peu
2275 1606 2421 1687 pres
2460 1605 2498 1669 a
2529 1606 2685 1669 l'an·

537 1720 661 1784 nee
692 1728 849 1800 416,
889 1739 957 1786 se
1004 1723 1308 1787 trouvent
1341 1723 1554 1804 parmi
1592 1723 1780 1787 celles
1812 1721 1890 1785 de
1934 1722 2103 1785 saint
2126 1722 2492 1803 Augustin‚
2540 1739 2689 1785 sous

535 1835 630 1900 les
664 1836 977 1901 numeros
1007 1844 1113 1900 181
1147 1839 1211 1901 et
1240 1845 1381 1917 182,
1411 1839 1458 1900 t.
1494 1843 1572 1917 ΙΙ,
1620 1856 1685 1918 p.
1714 1845 1855 1902 635.

625 1952 838 2016 Pierre
866 1952 944 2016 de
972 1957 1183 2017 Marca
1211 1953 1542 2017 n'hesitait
1559 1971 1673 2034 pas
1697 1953 1734 2017 a
1758 1953 2167 2018 mconnaitre
2207 1970 2359 2035 que,
2388 1952 2553 2015 daus
2585 1970 2689 2015 ces

538 2066 785 2146 lettreS,
838 2069 898 2131 le
938 2069 1058 2131 but
1097 2068 1187 2130 du
1221 2086 1381 2151 pape
1416 2070 1836 2150 InnocentjP‘
1879 2068 2017 2132 cst:
2062 2091 2104 2127 «-
2125 2069 2206 2132 Ut
2257 2067 2479 2131 doceat
2515 2067 2687 2130 anti-

541 2203 573 2242 »
607 2201 807 2264 quam
858 2201 995 2247 esse
1046 2185 1342 2265 regulam
1371 2185 1437 2248 et
1455 2201 1775 2248 canonem
1804 2185 1878 2247 ut
1908 2183 1986 2247 de
2017 2184 2211 2247 rebus
2250 2183 2493 2261 dubiis,
2529 2200 2693 2263 prae·

538 2321 569 2358 »
603 2297 827 2362 sertim
872 2299 925 2362 si
954 2298 1032 2362 de
1055 2299 1188 2362 fide
1211 2301 1464 2381 agatur,
1502 2317 1577 2362 ex
1610 2300 1914 2363 omnibus
1944 2300 2294 2381 provinciis
2321 2299 2399 2362 ad
2450 2303 2687 2362 Rorna-

537 2433 574 2474 »
608 2431 765 2476 nam
792 2414 1139 2477 Ecclesiam
1174 2415 1512 2489 referatur,
1546 2416 1616 2478 ut
1651 2435 1795 2498 quae
1850 2415 2182 2498 sequenda
2210 2416 2340 2478 sint
2377 2416 2687 2479 omnibus

539 2551 570 2588 υ
607 2529 891 2593 ecclesiis
934 2533 1338 2611 promantur.
1372 2552 1403 2589 »
1444 2532 1793 2611 (coustant,
1824 2549 2125 2611 prooem„
2152 2551 2215 2613 p.
2261 2533 2417 2614 xix.)

621 2650 793 2709 Dans
817 2646 961 2709 leur
993 2646 1178 2710 lettre
1202 2664 1286 2710 au
1319 2665 1480 2728 pape
1503 2649 1851 2725 Innocent,
1887 2647 1983 2711 les
2004 2646 2295 2729 Eveques
2321 2646 2412 2709 du
2441 2649 2683 2711 concile

541 2760 619 2825 de
651 2761 966 2843 Carthage
1000 2761 1211 2826 disent
1233 2762 1713 2845 expressement
1743 2763 1933 2845 qu'ils
1962 2762 2357 2828 demandent
2384 2781 2515 2846 que
2545 2763 2686 2827 leur

535 2878 878 2959 jugement
929 2877 1054 2941 soit
1103 2879 1415 2942 confirmo
1464 2895 1482 2940 z
1539 2902 1571 2938 «
1618 2882 1751 2942 Hoc
1790 2878 2006 2960 itaque
2055 2881 2360 2960 gestum,
2417 2878 2685 2942 domine

539 2992 768 3069 frater,
817 2995 1051 3057 sanctae
1093 2994 1346 3057 caritati
1371 2994 1498 3057 tuae
1527 2993 1971 3057 intimandum
1999 2992 2306 3057 duximus
2324 3042 2346 3072 ,
2375 2995 2452 3056 ut
2479 2994 2688 3057 statu-

540 3108 622 3171 tis
668 3110 904 3173 nostrae
953 3109 1414 3173 mediocritatis
1459 3109 1658 3174 etiarn
1692 3109 2055 3191 apostolicae
2098 3109 2275 3174 Sedis
2302 3110 2691 3174 adhiheatur

541 3224 903 3288 auctoritas,
937 3246 968 3283 »
1004 3223 1250 3303 (Parmi
1281 3225 1373 3288 les
1399 3224 1623 3288 lettres
1646 3224 1725 3287 de
1753 3226 1923 3288 saint
1946 3225 2303 3307 Angustia,
2337 3238 2410 3287 n⁰
2442 3227 2610 3304 175.)

625 3343 742 3402 Les
771 3341 958 3404 Peres
995 3340 1083 3403 du
1119 3340 1364 3405 concile
1402 3339 1482 3403 de
1517 3340 1779 3419 Mileve,
1809 3340 1973 3404 dans
2016 3341 2163 3404 leur
2198 3341 2383 3404 lettre
2423 3358 2590 3421 pour
2626 3341 2688 3404 le

545 3453 761 3517 meme
791 3455 995 3535 obJet,
1021 3455 1276 3536 parlent
1301 3454 1466 3519 ainsi
1500 3455 1578 3518 de
1616 3454 1937 3518 l'autorite
1967 3454 2055 3518 du
2085 3454 2476 3537 Saint-Siege
2506 3474 2523 3517 ε

634 3591 664 3626 α
694 3570 1143 3648 Arbitramur,
1170 3570 1518 3651 adjuvante
1550 3570 1993 3635 misericordia
2021 3571 2278 3634 Domini
2308 3571 2419 3634 Dei
2449 3571 2684 3649 nostri,

544 3685 907 3749 auctoritati
943 3686 1309 3750 sanctitatis
1336 3688 1480 3758 tuae,
1518 3686 1599 3750 de
1629 3687 2001 3750 sanctarum
2027 3687 2506 3767 scripturarum
2533 3704 2689 3750 auc-

543 3800 800 3865 toritate
855 3800 1290 3883 depromptae,
1331 3802 1581 3865 facilius
1618 3820 1726 3866 eos
1763 3802 1877 3884 qui
1915 3804 2053 3865 tam
2091 3819 2389 3883 perversa
2426 3803 2492 3866 et
2540 3821 2687 3883 per-

543 3915 787 3981 niciosa
812 3916 1100 3980 sentiunt
1127 3935 1264 3981 esse
1292 3935 1603 3981 cessuros,
1635 3938 1671 3979 »

621 4032 775 4094 L'an
813 4039 965 4110 420,
997 4032 1166 4095 saint
1205 4032 1529 4115 Augustin
1573 4034 1824 4097 soumet
1863 4032 2029 4096 ainsi
2065 4049 2152 4096 au
2190 4049 2350 4113 pape
2388 4032 2690 4096 Boniface

548 4164 638 4210 un
681 4146 840 4209 ecrit
871 4147 1031 4229 qu'il
1061 4147 1282 4212 venait
1312 4147 1391 4211 de
1414 4164 1765 4228 *composer
1801 4149 2022 4212 contre
2050 4146 2163 4211 des
2198 4146 2567 4229 heretiques
2608 4148 2693 4213 de

543 4278 658 4325 son
685 4262 895 4341 temps
929 4280 946 4323 :

635 4396 666 4434 ε(
693 4378 842 4437 Haec
885 4393 1037 4455 ergo
1084 4393 1229 4456 quae
1276 4375 1444 4453 istis,
1482 4378 1564 4439 ut
1599 4376 1769 4456 dixi,
1809 4376 2064 4440 duabus
2100 4378 2386 4459 epistolis
2425 4378 2695 4441 illorum

544 4511 578 4549 1>
612 4489 733 4553 ista
768 4489 1197 4571 disputatione
1229 4491 1617 4573 respondeo,
1649 4492 1730 4556 ad
1758 4495 1941 4556 tuam
1973 4493 2383 4573 potissimum
2407 4493 2694 4575 ditigere
