3038 5623
721 802 806 871 51
823 801 866 869 2
1408 801 1831 880 Quumkmn
1889 819 2172 867 PAR-rm.

810 963 918 1028 «Si
945 962 1090 1046 quis
1117 963 1222 1027 vel
1249 962 1693 1044 virginitatem
1721 961 1827 1025 vel
1853 962 2324 1026 continentiam
2352 963 2697 1044 protessuS‚
2719 964 2832 1027 tan-

721 1099 754 1138 »
783 1096 981 1160 quam
1032 1077 1500 1141 abominabiles
1548 1076 1810 1158 nuptias
1846 1076 2124 1157 iudicat,
2172 1080 2236 1141 et
2279 1096 2414 1142 non
2451 1080 2710 1159 propter
2740 1078 2835 1141 boc

720 1216 752 1254 ι)
784 1195 996 1257 solum
1015 1192 1189 1276 quod
1209 1192 1624 1256 continentiae
1642 1194 1707 1257 et
1719 1192 2114 1274 virginitatis
2133 1194 2385 1258 bonum
2406 1195 2706 1276 sanctum
2722 1210 2838 1273 pro-

720 1330 753 1369 »
782 1308 1066 1391 positum
1097 1310 1210 1386 est,
1242 1307 1592 1371 anathema
1623 1307 1725 1370 sit.
1750 1329 1781 1365 υ
1824 1307 2000 1388 (Dist.
2027 1314 2130 1387 30,
2161 1326 2219 1372 c.
2247 1311 2333 1388 5.)

812 1447 843 1485 «
865 1424 928 1489 Si
954 1424 1098 1507 quis
1124 1423 1383 1504 nuptias
1403 1423 1469 1485 in
1496 1422 1970 1486 accusationem
1993 1421 2247 1487 duxerit
2270 1425 2333 1488 et
2354 1425 2697 1489 mulierem
2717 1422 2842 1486 fide-

721 1561 757 1600 »
788 1539 918 1603 lem
959 1557 1033 1603 ac
1068 1538 1434 1620 religiosam
1474 1557 1628 1601 cum
1655 1538 1799 1600 viro
1838 1556 1956 1601 suo
1997 1537 2434 1603 dormientem
2478 1538 2836 1603 abominan-

722 1676 753 1713 ι)
785 1653 937 1717 dam
966 1652 1307 1717 crediderit
1336 1653 1671 1717 autetiam
1699 1652 2154 1731 accusandam,
2184 1654 2508 1736 tanquam
2538 1671 2669 1717 non
2695 1669 2840 1735 posse

723 1791 755 1828 »
786 1769 1162 1850 conjugatos
1193 1768 1263 1831 in
1291 1787 1577 1850 regnum
1603 1767 1714 1832 Dei
1744 1766 2040 1850 ingredi,
2075 1768 2424 1833 anathema
2457 1770 2620 1833 sit.»
2658 1766 2839 1847 (ibid,

721 1902 780 1949 c.
818 1887 941 1962 125)
1833 1891 1840 1898 ’

814 2021 845 2058 (ι
864 1999 925 2063 Si
952 1998 1098 2082 quis
1120 2016 1387 2062 carnem
1410 1998 1918 2062 manducantem
1943 2016 2020 2061 ex
2040 1996 2168 2062 fide
2195 2016 2350 2062 cum
2373 2000 2694 2083 religione
2714 2015 2842 2080 pra>-

723 2136 755 2174 ι)
786 2115 886 2178 ter
918 2113 1305 2196 sanguinem
1336 2114 1402 2177 et
1429 2113 1600 2177 idolo
1630 2113 2045 2177 immolatum
2075 2115 2142 2177 et
2167 2114 2566 2179 suffocatum
2594 2112 2840 2180 credide-

722 2256 753 2291 »
786 2232 873 2295 rit
896 2230 1490 2308 condemnandum,
1513 2231 1827 2312 tanquam
1851 2247 2030 2310 spem
2055 2246 2190 2293 non
2210 2229 2571 2295 habentem
2594 2231 2703 2313 qui
2727 2245 2839 2293 eam

723 2370 755 2408 n
787 2348 1156 2426 manducat,
1189 2346 1539 2410 anathema
1569 2345 1674 2409 sit.
1696 2367 1732 2405 ³)
1763 2343 1983 2424 (Ibid.,
2013 2346 2228 2438 (3.13.)

808 2464 922 2528 «Si
957 2463 1100 2547 quis
1126 2460 1544 2543 dereliquerit
1562 2460 1853 2542 proprios
1879 2460 2046 2524 filios
2073 2476 2221 2522 suos
2254 2459 2321 2523 et
2340 2476 2479 2523 non
2508 2478 2621 2524 eos
2650 2455 2840 2524 aluerit

725 2600 757 2638 »
787 2579 851 2642 et
880 2576 1054 2660 quod
1085 2577 1335 2658 pietatis
1372 2577 1469 2640 est
1497 2573 1860 2639 necessaria
1889 2592 2021 2637 non
2052 2573 2421 2655 praebuerit,
2465 2574 2582 2638 sed
2620 2573 2734 2637 sub
2765 2587 2839 2634 oc-

724 2716 756 2754 »
789 2693 1045 2758 casione
1069 2692 1481 2756 continentiae
1510 2689 1924 2772 negligendos
1956 2686 2303 2770 putaverit,
2333 2687 2693 2752 anathema
2719 2688 2835 2751 sit.»
2944 2749 2945 2756 χ

731 2807 951 2891 (Ibid.,
982 2827 1039 2871 c.
1077 2810 1200 2888 14.)

814 2946 845 2983 «
868 2927 1014 2987 Haec
1054 2924 1269 2986 autem
1304 2921 1680 3003 scripsimus
1708 2938 1841 2984 non
1871 2918 2316 3023 abscindentes
2359 2935 2469 2983 eos
2501 2918 2621 3002 qui
2663 2918 2729 2981 in
2756 2919 2839 2979 Ec-

727 3062 764 3099 »
790 3039 980 3104 clesia
1010 3039 1117 3103 Dei
1147 3037 1505 3103 secundum
1530 3036 1889 3117 Scripturas
1921 3036 2218 3099 sanctum
2246 3034 2657 3115 propositum
2683 3027 2843 3096 conti-

729 3176 762 3214 »
790 3154 1028 3219 nentiae
1065 3154 1340 3235 eligunt,
1379 3151 1489 3216 sed
1518 3169 1626 3214 eos
1654 3150 1770 3233 qui
1801 3148 2160 3230 suscipiunt
2186 3148 2491 3211 habitum
2519 3150 2684 3229 ejuS‚
2712 3142 2841 3209 etin

726 3292 759 3330 n
790 3269 1160 3351 superbiam
1186 3268 1552 3331 efferuntur
1575 3265 1882 3329 adversus
1909 3280 2017 3327 eos
2039 3263 2152 3345 qui
2182 3254 2549 3344 simplicius
2577 3260 2836 3326 vivunt.»

731 3385 948 3464 (ibid,
981 3402 1037 3447 c.
1070 3386 1195 3462 16.)

811 3499 1109 3563 L'auteur
1135 3496 1257 3561 cite
1286 3496 1447 3560 a-t-il
1475 3513 1559 3560 eu
1588 3495 1762 3559 droit
1792 3494 1873 3560 de
1902 3495 2204 3559 conclure
2232 3493 2311 3556 de
2339 3511 2445 3557 ces
2477 3493 2724 3558 decrets
2745 3502 2839 3571 que

729 3615 824 3681 les
851 3612 1177 3696 questions
1203 3612 1284 3676 de
1311 3612 1375 3674 Ia
1403 3610 1491 3674 foi
1518 3611 1799 3691 peuvent
1823 3608 1957 3673 etre
1985 3607 2276 3672 decidees
2308 3625 2393 3671 en
2425 3606 2743 3690 premiere
2767 3603 2838 3665 in-

728 3732 949 3794 stance
974 3746 1089 3810 par
1108 3728 1200 3791 les
1225 3726 1498 3791 conciles
1519 3724 1967 3806 particuliers?
1996 3726 2170 3788 Neus
2198 3740 2282 3787 ne
2305 3723 2364 3786 le
2387 3740 2673 3804 pensons
2695 3734 2806 3801 pas·

807 3849 924 3909 Les
951 3842 1227 3907 conciles
1250 3839 1656 3922 particuliers
1679 3841 1793 3902 ont
1815 3840 2110 3919 toujours
2133 3856 2221 3919 pu
2244 3839 2307 3901 et
2331 3838 2620 3918 peuvent
2646 3844 2835 3900 encore

726 3962 985 4042 frapper
1022 3958 1116 4021 les
1160 3950 1420 4020 erreurs
1455 3954 1572 4036 qui
1614 3972 1681 4017 se
1716 3955 2020 4018 trouvent
2056 3951 2200 4034 deja
2236 3951 2682 4016 notoirement
2714 3961 2834 4011 con-

726 4073 1035 4140 damnees
1074 4071 1198 4135 soit
1226 4088 1344 4151 par
1373 4071 1434 4134 le
1467 4070 1632 4132 texte
1663 4067 1775 4132 des
1816 4068 2055 4132 saintes
2085 4058 2433 4144 EcritureS‚
2480 4067 2607 4131 soit
2637 4080 2745 4146 par
2772 4060 2839 4121 les

725 4189 971 4253 decrets
999 4188 1112 4252 des
1141 4186 1415 4251 conciles
1443 4182 1967 4266 oecumeniques3
2000 4183 2093 4247 les
2124 4182 2490 4247 canonistes
2525 4200 2608 4246 ne
2632 4181 2688 4243 Ie
2715 4190 2837 4240 con·

728 4305 961 4369 testent
994 4321 1130 4386 pas·
1178 4301 1336 4368 Mais
1377 4319 1449 4365 ce
1490 4301 1657 4364 n'est
1684 4299 1867 4382 point
1897 4299 1961 4362 la
1993 4297 2253 4362 decider
2285 4315 2416 4361 une
2459 4295 2747 4380 question
2777 4287 2835 4350 de

728 4418 854 4500 foi3
886 4418 1038 4483 c'est
1065 4417 1427 4481 seulement
1452 4415 1836 4498 proclamet,
1868 4431 1985 4497 par
2012 4414 2222 4478 forme
2249 4412 2696 4495 d'application
2730 4399 2837 4486 sp&-
2940 4420 2941 4423 ’
