3038 5623
563 779 699 848 186
1266 780 1643 847 nnuxliffln
1694 798 1972 845 murm.

637 945 750 1006 Ces
798 942 964 1007 deux
1015 943 1212 1007 textos
1259 941 1656 1008 concernent
1704 942 1795 1004 les
1840 939 2132 1023 Eveques
2187 939 2574 1022 suffraganis
2626 943 2693 1005 et

558 1075 690 1121 non
729 1058 790 1121 le
821 1057 1327 1140 Metropolitain3
1371 1074 1483 1121 car
1517 1056 1783 1121 celui-ci
1806 1074 2115 1121 conserve
2138 1056 2430 1137 toujours
2456 1074 2525 1120 sa
2548 1055 2691 1138 pri-

556 1174 799 1252 manus,
831 1172 1052 1255 quand
1079 1172 1293 1237 meme
1330 1152 1378 1236 ii
1408 1172 1603 1237 serait
1627 1172 1687 1235 le
1725 1172 1943 1235 moins
1970 1171 2199 1236 ancien
2239 1168 2445 1254 quent
2472 1170 2510 1235 ὲ
2533 1171 2688 1235 l'or-

557 1287 876 1367 dination,
901 1288 1069 1352 ainsi
1094 1306 1221 1372 que
1247 1288 1307 1352 le
1336 1286 1587 1352 declare
1624 1288 1684 1352 le
1710 1305 1922 1352 canon
1951 1288 2208 1351 Placuit
2229 1285 2308 1350 de
2338 1287 2401 1350 la
2431 1293 2530 1349 180
2556 1285 2689 1350 dis·

555 1402 855 1481 tinction,
885 1403 1053 1467 ainsi
1077 1422 1283 1479 conon
1316 1422 1334 1467 ε
1370 1426 1401 1464 c
1435 1402 1682 1468 Placuit
1707 1404 1780 1466 ut
1821 1402 2197 1467 conservato
2220 1401 2689 1484 Metropolitani

555 1542 585 1577 n
626 1519 933 1600 primatu,
965 1520 1176 1584 caeteri
1196 1519 1512 1601 Episcopi,
1535 1517 1896 1583 secundum
1925 1535 2059 1583 suae
2082 1516 2508 1581 ordinationis
2530 1518 2692 1581 tem-

621 1652 764 1715 pus,
796 1634 961 1698 alius
991 1634 1101 1698 alii
1131 1634 1376 1698 deferat
1398 1634 1639 1699 locum.
1675 1656 1707 1695 ιο

635 1751 744 1812 Cet
770 1749 960 1816 ordre
981 1748 1060 1814 de
1103 1750 1444 1833 preseanoe
1465 1752 1651 1816 entre
1678 1751 1772 1815 les
1798 1749 2090 1833 Eveques
2116 1750 2213 1814 est
2239 1766 2468 1813 encore
2507 1766 2687 1832 pres-

552 1863 675 1927 crit
707 1884 822 1946 par
847 1865 908 1930 le
944 1866 1344 1931 ceremonial
1371 1866 1483 1931 des
1504 1866 1794 1950 Eveques
1825 1884 1909 1930 en
1948 1883 2054 1930 ces
2089 1866 2329 1929 termes
2360 1884 2378 1929 ε
2412 1887 2443 1925 α
2463 1868 2536 1929 In
2562 1882 2690 1929 ses-

555 1998 587 2037 »
624 1978 803 2043 sione
830 1999 987 2046 vero
1026 1982 1092 2046 et
1122 1982 1349 2046 ordine
1379 1980 1748 2065 proferendi
1774 1983 1945 2059 vota,
1991 1980 2469 2046 observandum
2498 1980 2597 2045 est
2619 1981 2690 2045 ut

557 2114 588 2153 ι)
619 2095 912 2178 Episcopi
941 2096 1303 2179 praecedant
1349 2099 1535 2178 juxta
1586 2097 1884 2162 ordinem
1934 2114 2160 2162 eorum
2218 2095 2646 2178 promotionis
2665 2144 2688 2175 ,

554 2232 584 2267 »
625 2208 808 2273 nullo
855 2210 1075 2275 habito
1122 2214 1415 2296 respectu
1463 2213 1546 2277 ad
1583 2211 1965 2295 dignitatem
1995 2213 2102 2278 vel
2129 2211 2691 2294 praeeminentiam

554 2345 587 2383 n
620 2324 1061 2392 ecclesiarum.
1089 2353 1118 2388 »
