3038 5623
646 828 784 898 136
1355 828 1731 893 mmxrizME
1786 847 2072 894 murm.

635 1014 668 1051 »
701 990 1124 1056 rendissimos
1165 988 1463 1053 dominos
1509 989 1849 1071 Episcopos
1882 1006 2255 1067 monemus,
2297 986 2557 1051 abbates
2595 1005 2780 1065 vero,

635 1132 671 1169 >³
715 1108 995 1190 capitula
1043 1108 1106 1171 et
1152 1107 1598 1187 procuratores
1645 1105 2114 1170 cathedralium
2170 1104 2526 1168 invitamus
2575 1106 2652 1168 ut
2705 1122 2785 1169 eo

635 1245 667 1282 »
694 1222 822 1302 die,
853 1224 1045 1306 etc...,
1065 1236 1105 1280 π’
1135 1221 1480 1302 (Odespun,
1511 1240 1579 1302 p.
1609 1225 1773 1301 552.)

708 1338 968 1403 Concile
992 1336 1071 1401 de
1096 1336 1444 1400 Narbonne
1473 1336 1555 1399 de
1585 1343 1742 1399 1609
1776 1356 1793 1399 ε
1836 1359 1866 1395 α
1895 1337 2251 1408 statuimus
2280 1338 2355 1400 ut
2395 1336 2583 1400 tertio
2621 1354 2786 1418 quo-

636 1477 668 1513 »
704 1473 833 1536 que
863 1470 1037 1516 anno
1060 1452 1476 1534 provincialis
1503 1452 1791 1533 synodus
1819 1454 2212 1517 convocetur
2226 1471 2248 1533 3
2276 1471 2476 1534 quam
2500 1470 2577 1515 ex
2601 1469 2787 1515 nunc

635 1592 668 1629 »
704 1568 786 1633 ad
816 1568 990 1631 diem
1014 1567 1475 1632 duodecimum
1503 1567 1662 1630 maii
1689 1567 1847 1631 anni
1890 1567 2149 1631 Domini
2195 1573 2353 1629 1612
2382 1566 2737 1631 indicimus
2764 1592 2783 1645 ;

636 1706 668 1743 »
707 1683 813 1749 cui
849 1683 1157 1747 interesse
1199 1683 1601 1747 tenebuntur
1641 1699 1869 1746 omnes
1915 1682 2165 1747 domini
2211 1681 2497 1763 Episcopi
2548 1681 2788 1745 suffra-

635 1824 666 1858 »
704 1799 915 1880 ganei,
963 1799 1066 1862 vel
1091 1816 1322 1862 eorum
1350 1798 1577 1862 vicarii
1625 1798 1980 1880 generaleS,
2013 1797 2277 1861 abbates
2304 1798 2787 1878 cuiuscumque

635 1935 667 1972 »
709 1914 982 1993 ordiniS,
1011 1931 1365 1996 omnesque
1401 1913 1633 1994 primae
1677 1914 1814 1994 post
1856 1912 2246 1994 Episcopum
2288 1912 2637 1994 dignitates
2673 1930 2785 1976 ec-

633 2053 665 2089 »
700 2029 1079 2108 elesiarum,
1106 2027 1619 2108 metropolitanae
1646 2028 2120 2093 cathedralium
2139 2030 2205 2092 et
2228 2046 2457 2092 earum
2475 2028 2785 2108 capitula,

635 2165 667 2203 1>
703 2145 867 2208 sicut
895 2145 961 2209 et
995 2144 1483 2226 collegiatarum
1534 2160 1651 2223 per
1695 2142 2067 2224 deputatos3
2115 2143 2362 2224 priores
2408 2143 2786 2206 claustrales

637 2280 672 2320 »
695 2260 1219 2341 jurisdictionem
1246 2259 1318 2322 in
1346 2275 1495 2323 suos
1524 2258 1879 2322 monachos
1918 2259 1985 2322 et
2029 2258 2423 2323 monasteria
2464 2257 2609 2321 sine
2648 2257 2787 2320 ullo

637 2397 670 2433 1>
707 2375 939 2439 abbate
975 2375 1090 2438 aut
1139 2372 1569 2454 dependentia
1599 2372 1938 2453 habenteS,
1991 2374 2056 2437 et
2107 2374 2229 2438 hoc
2274 2374 2397 2436 sub
2438 2389 2634 2453 poena
2678 2389 2786 2434 ex-

637 2511 669 2549 »
704 2489 1316 2553 communicationis
1349 2488 1677 2569 :capitula
1720 2506 1877 2552 vero
1922 2489 2471 2554 monasteriorum
2515 2486 2786 2569 regula-

636 2627 669 2663 κ»
705 2603 886 2667 rium
913 2621 1032 2684 per
1059 2621 1288 2667 eorum
1316 2602 1652 2683 deputatos
1677 2604 2010 2685 regulares
2057 2603 2138 2667 ad
2172 2603 2237 2668 id
2262 2604 2454 2668 etiam
2502 2604 2783 2667 inviten-

635 2741 670 2780 »
706 2719 816 2781 tur
823 2736 844 2797 3
875 2717 1066 2781 salvis
1085 2736 1339 2799 semper
1356 2718 1646 2799 ipsorum
1675 2719 2230 2801 immunitatibus,
2256 2720 2334 2784 de
2358 2721 2598 2803 quibus
2622 2721 2785 2784 tunc

632 2855 664 2894 ›>
699 2833 899 2897 fidem
921 2833 1182 2897 faciant.
1209 2855 1242 2894 »

715 2953 795 3014 Ge
831 2966 1094 3031 passage
1139 2949 1431 3030 pourrait
1466 2953 1683 3031 porter
1725 2950 1765 3015 a
1807 2953 2110 3017 conclure
2156 2971 2282 3035 que
2326 2954 2422 3016 les
2467 2951 2659 3018 Peres
2689 2952 2783 3016 du

635 3065 880 3131 concile
921 3064 1001 3129 de
1033 3065 1378 3130 Narbonae
1425 3083 1509 3130 ne
1547 3065 1957 3148 regardaient
1996 3085 2107 3150 pas
2151 3068 2246 3132 les
2276 3067 2475 3131 abbes
2522 3086 2783 3133 comme

633 3182 836 3246 libres
862 3180 943 3244 de
972 3199 1056 3245 ne
1084 3197 1197 3262 pas
1223 3181 1503 3245 assister.
1524 3201 1610 3245 au
1649 3182 1892 3264 synode
1939 3183 2317 3265 provincial.
2360 3183 2778 3262 Neanmoins‚

635 3298 690 3381 si
714 3298 846 3361 l’on
875 3297 990 3361 fait
1012 3296 1328 3361 attention
1363 3296 1402 3361 a
1427 3297 1492 3360 la
1513 3297 1731 3361 clause
1757 3298 2114 3389 restrictive
2141 3298 2331 3361 salvis
2356 3315 2594 3379 semper
2616 3299 2781 3378 ipso·

635 3430 782 3475 rum
806 3411 1327 3488 immunitatibus,
1354 3429 1440 3474 on
1478 3430 1669 3476 verra
1697 3432 1824 3495 que
1846 3415 1942 3478 les
1969 3412 2162 3478 abbes
2198 3415 2263 3478 et
2287 3414 2382 3477 les
2423 3414 2638 3477 autres
2664 3412 2773 3477 re-

635 3526 878 3608 guliers
914 3524 1074 3589 dont
1099 3526 1148 3589 il
1172 3526 1268 3590 est
1293 3526 1471 3606 parle
1499 3545 1584 3590 en
1629 3529 1730 3591 cet
1751 3528 2030 3607 endroit,
2065 3528 2363 3593 devaient
2390 3529 2771 3606 seulement,

638 3639 799 3704 dans
826 3641 889 3703 la
916 3639 1151 3721 pensee
1174 3639 1265 3703 du
1289 3641 1562 3720 concile,
1594 3645 1887 3708 montrer
1926 3647 2101 3708 leurs
2132 3645 2314 3709 titres
2340 3644 2770 3725 d’exemption

636 3753 772 3818 s'ils
796 3770 882 3819 en
907 3754 1183 3832 avaient,
1213 3755 1286 3818 de
1313 3755 1533 3836 quibus
1564 3763 1710 3820 tunc
1733 3757 1917 3839 fidem
1941 3759 2204 3840 faciant.

717 3873 890 3934 Dans
917 3870 979 3933 le
1005 3868 1250 3933 concile
1280 3869 1667 3950 d’Embrun,
1700 3873 1761 3936 le
1790 3872 2051 3938 dernier
2091 3876 2252 3938 tenu
2292 3893 2375 3939 en
2418 3879 2662 3940 France
2689 3893 2774 3940 au

634 3983 824 4049 siecle
847 3984 1133 4062 dernier,
1166 4002 1331 4075 nous
1356 4004 1606 4068 voyons
1648 3988 1908 4053 assister
1938 4007 2031 4052 un
2059 3989 2245 4054 abbe.
2276 3990 2494 4070 Enfin,
2525 3990 2688 4055 dans
2714 3992 2775 4055 le

635 4099 876 4164 concile
918 4099 1032 4182 qui
1074 4099 1254 4163 vient
1297 4099 1377 4164 de
1417 4119 1486 4165 se
1523 4103 1697 4167 tenir
1733 4101 1772 4166 a
1813 4108 2094 4184 RenneS,
2121 4106 2214 4168 les
2254 4105 2449 4169 abbes
2475 4107 2595 4169 ont
2617 4124 2773 4185 recu

632 4212 1022 4278 l’invitation
1058 4215 1450 4297 canonique.

712 4331 885 4391 Nous
913 4345 997 4392 ne
1021 4346 1294 4410 croyons
1322 4348 1436 4411 pas
1462 4330 1689 4396 devoir
1709 4333 2073 4415 multiplier
2091 4334 2451 4417 davantage
2479 4353 2587 4400 ces
2614 4335 2770 4401 cita-

632 4442 831 4524 tions;
867 4443 916 4506 il
943 4445 1035 4508 est
1061 4445 1269 4526 temps
1292 4444 1371 4510 de
1393 4449 1721 4512 conclure.

716 4565 781 4620 1⁰
823 4558 1089 4641 L'usage
1130 4560 1246 4643 qui
1270 4558 1492 4626 donne
1540 4564 1715 4644 place
1757 4580 1887 4628 aux
1932 4566 2126 4631 abbes
2166 4566 2329 4630 dans
2372 4567 2466 4631 les
2496 4567 2771 4633 conciles
