<?xml version="1.0" encoding="UTF-8"?>
<!DOCTYPE html PUBLIC "-//W3C//DTD XHTML 1.0 Transitional//EN"
    "http://www.w3.org/TR/xhtml1/DTD/xhtml1-transitional.dtd">
<html xmlns="http://www.w3.org/1999/xhtml" xml:lang="en" lang="en">
 <head>
  <title>
</title>
<meta http-equiv="Content-Type" content="text/html;charset=utf-8" />
  <meta name='ocr-system' content='tesseract 3.04.00' />
  <meta name='ocr-capabilities' content='ocr_page ocr_carea ocr_par ocr_line ocrx_word'/>
</head>
<body>
  <div class='ocr_page' id='page_1' title='image "./tractatusdeconc00bouigoog_0137.png"; bbox 0 0 3038 5623; ppageno 0'>
   <div class='ocr_carea' id='block_1_1' title="bbox 536 842 2422 929">
    <p class='ocr_par' dir='ltr' id='par_1_1' title="bbox 536 842 2422 929">
     <span class='ocr_line' id='line_1_1' title="bbox 536 842 2422 929; baseline 0.003 -23"><span class='ocrx_word' id='word_1_1' title='bbox 536 860 931 907; x_wconf 79' lang='lat' dir='ltr'><strong>PERSONNES</strong></span> <span class='ocrx_word' id='word_1_2' title='bbox 983 859 1405 908; x_wconf 74' lang='lat' dir='ltr'><strong>COMPOSANT</strong></span> <span class='ocrx_word' id='word_1_3' title='bbox 1459 861 1548 908; x_wconf 75' lang='lat' dir='ltr'>Lu</span> <span class='ocrx_word' id='word_1_4' title='bbox 1604 861 1929 929; x_wconf 71' lang='lat' dir='ltr'>conmm,</span> <span class='ocrx_word' id='word_1_5' title='bbox 1989 862 2141 909; x_wconf 74' lang='lat' dir='ltr'>Ere.</span> <span class='ocrx_word' id='word_1_6' title='bbox 2287 842 2422 912; x_wconf 88' lang='grc'>117</span> 
     </span>
    </p>
   </div>
   <div class='ocr_carea' id='block_1_2' title="bbox 291 1001 2494 3621">
    <p class='ocr_par' dir='ltr' id='par_1_2' title="bbox 299 1001 2494 2453">
     <span class='ocr_line' id='line_1_2' title="bbox 304 1001 2430 1086; baseline 0.005 -25"><span class='ocrx_word' id='word_1_7' title='bbox 304 1023 331 1061; x_wconf 82' lang='lat'>1&gt;</span> <span class='ocrx_word' id='word_1_8' title='bbox 362 1010 475 1066; x_wconf 82' lang='lat' dir='ltr'>tate</span> <span class='ocrx_word' id='word_1_9' title='bbox 496 1001 734 1083; x_wconf 75' lang='lat' dir='ltr'>qradus</span> <span class='ocrx_word' id='word_1_10' title='bbox 751 1021 949 1083; x_wconf 80' lang='lat' dir='ltr'>supra</span> <span class='ocrx_word' id='word_1_11' title='bbox 968 1005 1347 1086; x_wconf 78' lang='lat' dir='ltr'><strong><em>Episcopum</em></strong></span> <span class='ocrx_word' id='word_1_12' title='bbox 1370 1003 1844 1084; x_wconf 72' lang='lat' dir='ltr'>praecedentiam</span> <span class='ocrx_word' id='word_1_13' title='bbox 1861 1012 2157 1085; x_wconf 85' lang='lat' dir='ltr'>spectare.</span> <span class='ocrx_word' id='word_1_14' title='bbox 2171 1039 2253 1053; x_wconf 89' lang='lat'>—</span> <span class='ocrx_word' id='word_1_15' title='bbox 2269 1009 2430 1071; x_wconf 86' lang='lat' dir='ltr'>Pra-</span> 
     </span>
     <span class='ocr_line' id='line_1_3' title="bbox 303 1117 2431 1201; baseline 0.004 -24"><span class='ocrx_word' id='word_1_16' title='bbox 303 1138 329 1175; x_wconf 84' lang='lat'>1&gt;</span> <span class='ocrx_word' id='word_1_17' title='bbox 359 1117 570 1197; x_wconf 67' lang='lat' dir='ltr'>pensis.</span> <span class='ocrx_word' id='word_1_18' title='bbox 620 1150 698 1165; x_wconf 90' lang='lat'><em>-</em></span> <span class='ocrx_word' id='word_1_19' title='bbox 727 1117 1261 1200; x_wconf 87' lang='lat' dir='ltr'>Archiepiscopus</span> <span class='ocrx_word' id='word_1_20' title='bbox 1311 1120 1727 1198; x_wconf 80' lang='lat' dir='ltr'>SebastenSiS,</span> <span class='ocrx_word' id='word_1_21' title='bbox 1786 1120 2238 1201; x_wconf 83' lang='lat' dir='ltr'>suffraganeus</span> <span class='ocrx_word' id='word_1_22' title='bbox 2283 1126 2431 1186; x_wconf 83' lang='lat' dir='ltr'>Pra-</span> 
     </span>
     <span class='ocr_line' id='line_1_4' title="bbox 302 1233 2432 1320; baseline 0.004 -27"><span class='ocrx_word' id='word_1_23' title='bbox 302 1253 328 1290; x_wconf 69' lang='lat' dir='ltr'>s&gt;</span> <span class='ocrx_word' id='word_1_24' title='bbox 360 1233 590 1313; x_wconf 81' lang='lat' dir='ltr'>gensiS,</span> <span class='ocrx_word' id='word_1_25' title='bbox 604 1233 893 1315; x_wconf 80' lang='lat' dir='ltr'>exposuit</span> <span class='ocrx_word' id='word_1_26' title='bbox 906 1235 963 1298; x_wconf 89' lang='lat' dir='ltr'>ei</span> <span class='ocrx_word' id='word_1_27' title='bbox 984 1253 1022 1298; x_wconf 93' lang='lat' dir='ltr'>a</span> <span class='ocrx_word' id='word_1_28' title='bbox 1036 1234 1463 1317; x_wconf 78' lang='lat' dir='ltr'>dignitatibus</span> <span class='ocrx_word' id='word_1_29' title='bbox 1486 1235 2001 1316; x_wconf 74' lang='lat' dir='ltr'>metropolitanae</span> <span class='ocrx_word' id='word_1_30' title='bbox 2022 1236 2092 1299; x_wconf 92' lang='lat' dir='ltr'>in</span> <span class='ocrx_word' id='word_1_31' title='bbox 2105 1236 2432 1320; x_wconf 74' lang='lat' dir='ltr'>aliquibus</span> 
     </span>
     <span class='ocr_line' id='line_1_5' title="bbox 303 1347 2426 1427; baseline 0.005 -19"><span class='ocrx_word' id='word_1_32' title='bbox 303 1368 328 1406; x_wconf 73' lang='lat'>&gt;2</span> <span class='ocrx_word' id='word_1_33' title='bbox 360 1347 843 1427; x_wconf 82' lang='lat' dir='ltr'>praecedentiam</span> <span class='ocrx_word' id='word_1_34' title='bbox 861 1351 1276 1414; x_wconf 78' lang='lat' dir='ltr'>controverti.</span> <span class='ocrx_word' id='word_1_35' title='bbox 1297 1385 1381 1399; x_wconf 96' lang='lat'>—</span> <span class='ocrx_word' id='word_1_36' title='bbox 1399 1350 1512 1415; x_wconf 85' lang='lat' dir='ltr'>Die</span> <span class='ocrx_word' id='word_1_37' title='bbox 1539 1359 1567 1413; x_wconf 83' lang='lat'><strong>1</strong></span> <span class='ocrx_word' id='word_1_38' title='bbox 1588 1349 1951 1415; x_wconf 83' lang='lat' dir='ltr'>decembris</span> <span class='ocrx_word' id='word_1_39' title='bbox 1968 1358 2146 1415; x_wconf 76' lang='grc'><strong>1657.</strong></span> <span class='ocrx_word' id='word_1_40' title='bbox 2167 1356 2229 1417; x_wconf 89' lang='lat' dir='ltr'>S.</span> <span class='ocrx_word' id='word_1_41' title='bbox 2257 1358 2329 1419; x_wconf 91' lang='lat' dir='ltr'>R.</span> <span class='ocrx_word' id='word_1_42' title='bbox 2358 1356 2426 1418; x_wconf 90' lang='lat' dir='ltr'>C.</span> 
     </span>
     <span class='ocr_line' id='line_1_6' title="bbox 304 1463 2433 1550; baseline 0.005 -28"><span class='ocrx_word' id='word_1_43' title='bbox 304 1484 329 1521; x_wconf 69' lang='lat' dir='ltr'>n</span> <span class='ocrx_word' id='word_1_44' title='bbox 355 1463 675 1544; x_wconf 84' lang='lat' dir='ltr'>respondit</span> <span class='ocrx_word' id='word_1_45' title='bbox 707 1482 723 1527; x_wconf 73' lang='grc' dir='ltr'><strong>ε</strong></span> <span class='ocrx_word' id='word_1_46' title='bbox 751 1466 1221 1547; x_wconf 80' lang='lat' dir='ltr'>Archiepiscopo</span> <span class='ocrx_word' id='word_1_47' title='bbox 1247 1465 1496 1529; x_wconf 81' lang='lat' dir='ltr'>titulari</span> <span class='ocrx_word' id='word_1_48' title='bbox 1526 1483 1694 1547; x_wconf 80' lang='lat' dir='ltr'>oeque</span> <span class='ocrx_word' id='word_1_49' title='bbox 1723 1484 1801 1529; x_wconf 89' lang='lat' dir='ltr'>ac</span> <span class='ocrx_word' id='word_1_50' title='bbox 1838 1467 2317 1550; x_wconf 80' lang='lat' dir='ltr'>Archiepiscopo</span> <span class='ocrx_word' id='word_1_51' title='bbox 2358 1469 2433 1533; x_wconf 83' lang='lat' dir='ltr'>de</span> 
     </span>
     <span class='ocr_line' id='line_1_7' title="bbox 305 1579 2434 1663; baseline 0.005 -25"><span class='ocrx_word' id='word_1_52' title='bbox 305 1599 330 1636; x_wconf 75' lang='grc' dir='ltr'>ι)</span> <span class='ocrx_word' id='word_1_53' title='bbox 358 1579 683 1642; x_wconf 79' lang='lat' dir='ltr'>residentia</span> <span class='ocrx_word' id='word_1_54' title='bbox 696 1582 1133 1660; x_wconf 84' lang='lat' dir='ltr'>praelationem</span> <span class='ocrx_word' id='word_1_55' title='bbox 1159 1588 1216 1643; x_wconf 87' lang='lat' dir='ltr'>et</span> <span class='ocrx_word' id='word_1_56' title='bbox 1238 1581 1530 1662; x_wconf 82' lang='lat' dir='ltr'>obsequia</span> <span class='ocrx_word' id='word_1_57' title='bbox 1561 1580 1766 1644; x_wconf 82' lang='lat' dir='ltr'>deberi</span> <span class='ocrx_word' id='word_1_58' title='bbox 1794 1605 1815 1644; x_wconf 92' lang='lat'>.·</span> <span class='ocrx_word' id='word_1_59' title='bbox 1842 1582 2168 1663; x_wconf 83' lang='lat' dir='ltr'>siquidem,</span> <span class='ocrx_word' id='word_1_60' title='bbox 2198 1585 2310 1648; x_wconf 81' lang='lat' dir='ltr'>etsi</span> <span class='ocrx_word' id='word_1_61' title='bbox 2328 1584 2434 1647; x_wconf 76' lang='lat' dir='ltr'>di-</span> 
     </span>
     <span class='ocr_line' id='line_1_8' title="bbox 309 1695 2435 1782; baseline 0.007 -32"><span class='ocrx_word' id='word_1_62' title='bbox 309 1714 334 1750; x_wconf 77' lang='grc'>»</span> <span class='ocrx_word' id='word_1_63' title='bbox 361 1712 540 1757; x_wconf 87' lang='lat' dir='ltr'>versae</span> <span class='ocrx_word' id='word_1_64' title='bbox 561 1699 689 1759; x_wconf 72' lang='lat' dir='ltr'>sint</span> <span class='ocrx_word' id='word_1_65' title='bbox 717 1695 956 1759; x_wconf 84' lang='lat' dir='ltr'>sedium</span> <span class='ocrx_word' id='word_1_66' title='bbox 995 1704 1210 1770; x_wconf 81' lang='lat' dir='ltr'>sortes,</span> <span class='ocrx_word' id='word_1_67' title='bbox 1258 1705 1460 1760; x_wconf 88' lang='lat' dir='ltr'>tamen</span> <span class='ocrx_word' id='word_1_68' title='bbox 1495 1699 1843 1778; x_wconf 84' lang='lat' dir='ltr'>proesulum</span> <span class='ocrx_word' id='word_1_69' title='bbox 1867 1698 2031 1781; x_wconf 85' lang='lat' dir='ltr'>jura</span> <span class='ocrx_word' id='word_1_70' title='bbox 2065 1717 2303 1782; x_wconf 77' lang='lat' dir='ltr'>semper</span> <span class='ocrx_word' id='word_1_71' title='bbox 2332 1717 2435 1764; x_wconf 83' lang='lat' dir='ltr'>ea-</span> 
     </span>
     <span class='ocr_line' id='line_1_9' title="bbox 308 1810 2434 1895; baseline 0.005 -26"><span class='ocrx_word' id='word_1_72' title='bbox 308 1830 334 1866; x_wconf 80' lang='lat'>»</span> <span class='ocrx_word' id='word_1_73' title='bbox 365 1810 491 1872; x_wconf 88' lang='lat' dir='ltr'>dem</span> <span class='ocrx_word' id='word_1_74' title='bbox 516 1819 911 1890; x_wconf 78' lang='lat' dir='ltr'>permanent,</span> <span class='ocrx_word' id='word_1_75' title='bbox 941 1830 1085 1875; x_wconf 82' lang='lat' dir='ltr'>cum</span> <span class='ocrx_word' id='word_1_76' title='bbox 1101 1814 1314 1894; x_wconf 81' lang='lat' dir='ltr'>utique</span> <span class='ocrx_word' id='word_1_77' title='bbox 1343 1813 1522 1876; x_wconf 79' lang='lat' dir='ltr'>detur</span> <span class='ocrx_word' id='word_1_78' title='bbox 1550 1814 1869 1877; x_wconf 76' lang='lat' dir='ltr'>catholicae</span> <span class='ocrx_word' id='word_1_79' title='bbox 1897 1814 2221 1895; x_wconf 74' lang='lat' dir='ltr'>reliqionis</span> <span class='ocrx_word' id='word_1_80' title='bbox 2240 1816 2434 1880; x_wconf 79' lang='lat' dir='ltr'>hosti-</span> 
     </span>
     <span class='ocr_line' id='line_1_10' title="bbox 308 1924 2432 2010; baseline 0.007 -29"><span class='ocrx_word' id='word_1_81' title='bbox 308 1944 333 1981; x_wconf 79' lang='lat'>»</span> <span class='ocrx_word' id='word_1_82' title='bbox 362 1924 460 1988; x_wconf 84' lang='lat' dir='ltr'>bus</span> <span class='ocrx_word' id='word_1_83' title='bbox 487 1927 618 1989; x_wconf 81' lang='lat' dir='ltr'>vim</span> <span class='ocrx_word' id='word_1_84' title='bbox 642 1928 838 2005; x_wconf 83' lang='lat' dir='ltr'>actui,</span> <span class='ocrx_word' id='word_1_85' title='bbox 863 1946 990 1990; x_wconf 85' lang='lat' dir='ltr'>non</span> <span class='ocrx_word' id='word_1_86' title='bbox 1015 1936 1223 1992; x_wconf 84' lang='lat' dir='ltr'>tamen</span> <span class='ocrx_word' id='word_1_87' title='bbox 1253 1929 1496 1992; x_wconf 83' lang='lat' dir='ltr'>habitui</span> <span class='ocrx_word' id='word_1_88' title='bbox 1510 1930 1838 2010; x_wconf 86' lang='lat' dir='ltr'>potestatis</span> <span class='ocrx_word' id='word_1_89' title='bbox 1878 1936 1934 1993; x_wconf 89' lang='lat' dir='ltr'>et</span> <span class='ocrx_word' id='word_1_90' title='bbox 1970 1928 2432 2010; x_wconf 77' lang='lat' dir='ltr'>jurisdictionis</span> 
     </span>
     <span class='ocr_line' id='line_1_11' title="bbox 304 2041 2431 2125; baseline 0.002 -23"><span class='ocrx_word' id='word_1_91' title='bbox 304 2060 331 2097; x_wconf 71' lang='lat'>2&gt;</span> <span class='ocrx_word' id='word_1_92' title='bbox 362 2041 607 2122; x_wconf 82' lang='lat' dir='ltr'>inferre,</span> <span class='ocrx_word' id='word_1_93' title='bbox 651 2061 778 2123; x_wconf 82' lang='lat' dir='ltr'>qua</span> <span class='ocrx_word' id='word_1_94' title='bbox 799 2042 1147 2124; x_wconf 80' lang='lat' dir='ltr'>fraudatur</span> <span class='ocrx_word' id='word_1_95' title='bbox 1175 2045 1536 2125; x_wconf 81' lang='lat' dir='ltr'>episcopalis</span> <span class='ocrx_word' id='word_1_96' title='bbox 1573 2044 1874 2125; x_wconf 59' lang='lat' dir='ltr'>(limitas,</span> <span class='ocrx_word' id='word_1_97' title='bbox 1906 2062 2038 2108; x_wconf 81' lang='lat' dir='ltr'>non</span> <span class='ocrx_word' id='word_1_98' title='bbox 2079 2046 2431 2110; x_wconf 64' lang='lat' dir='ltr'>minuitur..-</span> 
     </span>
     <span class='ocr_line' id='line_1_12' title="bbox 304 2159 2494 2241; baseline 0.004 -26"><span class='ocrx_word' id='word_1_99' title='bbox 304 2176 332 2215; x_wconf 82' lang='grc'>))</span> <span class='ocrx_word' id='word_1_100' title='bbox 355 2174 422 2218; x_wconf 88' lang='lat' dir='ltr'>ac</span> <span class='ocrx_word' id='word_1_101' title='bbox 435 2166 770 2238; x_wconf 88' lang='lat' dir='ltr'>propterea</span> <span class='ocrx_word' id='word_1_102' title='bbox 808 2159 1350 2241; x_wconf 71' lang='lat' dir='ltr'>Archiepiscopum</span> <span class='ocrx_word' id='word_1_103' title='bbox 1376 2160 1711 2224; x_wconf 82' lang='lat' dir='ltr'>Oratorem</span> <span class='ocrx_word' id='word_1_104' title='bbox 1751 2161 1983 2224; x_wconf 78' lang='lat' dir='ltr'>caeteris</span> <span class='ocrx_word' id='word_1_105' title='bbox 2024 2159 2435 2240; x_wconf 70' lang='lat' dir='ltr'>diqnitatibus</span> <span class='ocrx_word' id='word_1_106' title='bbox 2475 2191 2494 2212; x_wconf 72' lang='grc' dir='ltr'><em>ι</em></span> 
     </span>
     <span class='ocr_line' id='line_1_13' title="bbox 301 2273 2436 2356; baseline 0.004 -27"><span class='ocrx_word' id='word_1_107' title='bbox 301 2293 327 2329; x_wconf 66' lang='grc' dir='ltr'>ι)</span> <span class='ocrx_word' id='word_1_108' title='bbox 355 2273 865 2355; x_wconf 83' lang='lat' dir='ltr'>archiepiscopali</span> <span class='ocrx_word' id='word_1_109' title='bbox 898 2274 1301 2356; x_wconf 79' lang='lat' dir='ltr'>inferioribus</span> <span class='ocrx_word' id='word_1_110' title='bbox 1333 2274 1558 2355; x_wconf 76' lang='lat' dir='ltr'>ubique</span> <span class='ocrx_word' id='word_1_111' title='bbox 1599 2283 1655 2337; x_wconf 86' lang='lat' dir='ltr'>et</span> <span class='ocrx_word' id='word_1_112' title='bbox 1696 2275 1766 2337; x_wconf 85' lang='lat' dir='ltr'>in</span> <span class='ocrx_word' id='word_1_113' title='bbox 1796 2275 2078 2338; x_wconf 82' lang='lat' dir='ltr'>omnibus</span> <span class='ocrx_word' id='word_1_114' title='bbox 2101 2274 2436 2355; x_wconf 76' lang='lat' dir='ltr'>praeferen—</span> 
     </span>
     <span class='ocr_line' id='line_1_14' title="bbox 299 2387 1059 2453; baseline 0.008 -7"><span class='ocrx_word' id='word_1_115' title='bbox 299 2408 327 2445; x_wconf 84' lang='lat'>»</span> <span class='ocrx_word' id='word_1_116' title='bbox 353 2387 500 2450; x_wconf 84' lang='lat' dir='ltr'>dum</span> <span class='ocrx_word' id='word_1_117' title='bbox 524 2407 648 2452; x_wconf 85' lang='lat' dir='ltr'>esse</span> <span class='ocrx_word' id='word_1_118' title='bbox 688 2389 1059 2453; x_wconf 83' lang='lat' dir='ltr'>declaravit.</span> 
     </span>
    </p>

    <p class='ocr_par' dir='ltr' id='par_1_3' title="bbox 291 2504 2439 3275">
     <span class='ocr_line' id='line_1_15' title="bbox 369 2504 2439 2587; baseline 0.004 -25"><span class='ocrx_word' id='word_1_119' title='bbox 369 2525 404 2565; x_wconf 11' lang='lat' dir='ltr'>»v</span> <span class='ocrx_word' id='word_1_120' title='bbox 428 2504 777 2583; x_wconf 86' lang='lat' dir='ltr'>Ephesina,</span> <span class='ocrx_word' id='word_1_121' title='bbox 806 2504 1098 2585; x_wconf 82' lang='lat' dir='ltr'>generice</span> <span class='ocrx_word' id='word_1_122' title='bbox 1126 2505 1431 2583; x_wconf 85' lang='lat' dir='ltr'>resoluta,</span> <span class='ocrx_word' id='word_1_123' title='bbox 1460 2504 1564 2569; x_wconf 91' lang='lat' dir='ltr'>die</span> <span class='ocrx_word' id='word_1_124' title='bbox 1590 2511 1624 2566; x_wconf 90' lang='lat'>8</span> <span class='ocrx_word' id='word_1_125' title='bbox 1651 2505 1871 2587; x_wconf 88' lang='lat' dir='ltr'>aprilis</span> <span class='ocrx_word' id='word_1_126' title='bbox 1897 2511 2080 2584; x_wconf 78' lang='grc'><strong>1656,</strong></span> <span class='ocrx_word' id='word_1_127' title='bbox 2108 2505 2201 2569; x_wconf 83' lang='lat' dir='ltr'>ita</span> <span class='ocrx_word' id='word_1_128' title='bbox 2223 2522 2290 2569; x_wconf 84' lang='lat' dir='ltr'>se</span> <span class='ocrx_word' id='word_1_129' title='bbox 2320 2504 2439 2569; x_wconf 81' lang='lat' dir='ltr'>ha-</span> 
     </span>
     <span class='ocr_line' id='line_1_16' title="bbox 293 2619 2439 2701; baseline 0.004 -24"><span class='ocrx_word' id='word_1_130' title='bbox 293 2640 320 2677; x_wconf 76' lang='lat'>»</span> <span class='ocrx_word' id='word_1_131' title='bbox 356 2619 464 2682; x_wconf 85' lang='lat' dir='ltr'>het</span> <span class='ocrx_word' id='word_1_132' title='bbox 494 2619 998 2700; x_wconf 81' lang='lat' dir='ltr'>:Archiepiscopi</span> <span class='ocrx_word' id='word_1_133' title='bbox 1043 2627 1099 2683; x_wconf 86' lang='lat' dir='ltr'>et</span> <span class='ocrx_word' id='word_1_134' title='bbox 1146 2621 1441 2701; x_wconf 83' lang='lat' dir='ltr'>Episcopi</span> <span class='ocrx_word' id='word_1_135' title='bbox 1465 2622 1748 2685; x_wconf 78' lang='lat' dir='ltr'>titulares</span> <span class='ocrx_word' id='word_1_136' title='bbox 1790 2622 2117 2686; x_wconf 77' lang='lat' dir='ltr'>existentes</span> <span class='ocrx_word' id='word_1_137' title='bbox 2141 2621 2210 2683; x_wconf 85' lang='lat' dir='ltr'>in</span> <span class='ocrx_word' id='word_1_138' title='bbox 2230 2620 2439 2685; x_wconf 81' lang='lat' dir='ltr'>aliena</span> 
     </span>
     <span class='ocr_line' id='line_1_17' title="bbox 293 2732 2437 2819; baseline 0.004 -28"><span class='ocrx_word' id='word_1_139' title='bbox 293 2754 321 2791; x_wconf 65' lang='grc' dir='ltr'>ι)</span> <span class='ocrx_word' id='word_1_140' title='bbox 357 2733 599 2797; x_wconf 84' lang='lat' dir='ltr'>dioecesi</span> <span class='ocrx_word' id='word_1_141' title='bbox 623 2732 837 2796; x_wconf 79' lang='lat' dir='ltr'>debent</span> <span class='ocrx_word' id='word_1_142' title='bbox 848 2735 1146 2817; x_wconf 60' lang='lat' dir='ltr'>praeferri</span> <span class='ocrx_word' id='word_1_143' title='bbox 1174 2735 1655 2818; x_wconf 81' lang='lat' dir='ltr'>Archiepiscopis</span> <span class='ocrx_word' id='word_1_144' title='bbox 1684 2738 2138 2801; x_wconf 83' lang='lat' dir='ltr'>consecratione</span> <span class='ocrx_word' id='word_1_145' title='bbox 2158 2735 2437 2819; x_wconf 80' lang='lat' dir='ltr'>juniori-</span> 
     </span>
     <span class='ocr_line' id='line_1_18' title="bbox 292 2847 2438 2931; baseline 0.005 -26"><span class='ocrx_word' id='word_1_146' title='bbox 292 2869 321 2905; x_wconf 78' lang='lat'>»</span> <span class='ocrx_word' id='word_1_147' title='bbox 355 2847 487 2926; x_wconf 82' lang='lat' dir='ltr'>bus,</span> <span class='ocrx_word' id='word_1_148' title='bbox 517 2866 630 2912; x_wconf 86' lang='lat' dir='ltr'>nec</span> <span class='ocrx_word' id='word_1_149' title='bbox 653 2866 779 2912; x_wconf 86' lang='lat' dir='ltr'>non</span> <span class='ocrx_word' id='word_1_150' title='bbox 804 2850 946 2913; x_wconf 79' lang='lat' dir='ltr'>aliis</span> <span class='ocrx_word' id='word_1_151' title='bbox 975 2850 1306 2930; x_wconf 81' lang='lat' dir='ltr'>episcopali</span> <span class='ocrx_word' id='word_1_152' title='bbox 1350 2858 1661 2915; x_wconf 87' lang='lat' dir='ltr'>caractere</span> <span class='ocrx_word' id='word_1_153' title='bbox 1687 2851 2053 2925; x_wconf 81' lang='lat' dir='ltr'>senioribus,</span> <span class='ocrx_word' id='word_1_154' title='bbox 2101 2851 2205 2914; x_wconf 86' lang='lat' dir='ltr'>sed</span> <span class='ocrx_word' id='word_1_155' title='bbox 2234 2849 2438 2931; x_wconf 76' lang='lat' dir='ltr'>qradu</span> 
     </span>
     <span class='ocr_line' id='line_1_19' title="bbox 291 2962 2434 3044; baseline 0.004 -25"><span class='ocrx_word' id='word_1_156' title='bbox 291 2984 320 3019; x_wconf 67' lang='lat' dir='ltr'>a</span> <span class='ocrx_word' id='word_1_157' title='bbox 352 2962 869 3043; x_wconf 81' lang='lat' dir='ltr'>archiepiscopali</span> <span class='ocrx_word' id='word_1_158' title='bbox 914 2964 1255 3044; x_wconf 81' lang='lat' dir='ltr'>posteribus</span> <span class='ocrx_word' id='word_1_159' title='bbox 1270 2984 1297 3043; x_wconf 85' lang='lat'>‚·</span> <span class='ocrx_word' id='word_1_160' title='bbox 1326 2972 1512 3029; x_wconf 79' lang='lat' dir='ltr'>extra</span> <span class='ocrx_word' id='word_1_161' title='bbox 1539 2973 1749 3043; x_wconf 84' lang='lat' dir='ltr'>tamen</span> <span class='ocrx_word' id='word_1_162' title='bbox 1775 2966 2066 3030; x_wconf 75' lang='lat' dir='ltr'>Ecclesiae</span> <span class='ocrx_word' id='word_1_163' title='bbox 2106 2964 2434 3043; x_wconf 81' lang='lat' dir='ltr'>ambitum,</span> 
     </span>
     <span class='ocr_line' id='line_1_20' title="bbox 293 3078 2437 3162; baseline 0.003 -27"><span class='ocrx_word' id='word_1_164' title='bbox 293 3099 321 3134; x_wconf 69' lang='lat' dir='ltr'>a</span> <span class='ocrx_word' id='word_1_165' title='bbox 355 3078 531 3141; x_wconf 81' lang='lat' dir='ltr'>intra</span> <span class='ocrx_word' id='word_1_166' title='bbox 556 3095 747 3160; x_wconf 83' lang='lat' dir='ltr'>quam</span> <span class='ocrx_word' id='word_1_167' title='bbox 775 3078 1120 3143; x_wconf 82' lang='lat' dir='ltr'>ordinario</span> <span class='ocrx_word' id='word_1_168' title='bbox 1139 3080 1448 3160; x_wconf 80' lang='lat' dir='ltr'>privative</span> <span class='ocrx_word' id='word_1_169' title='bbox 1475 3079 1685 3162; x_wconf 81' lang='lat' dir='ltr'>quoad</span> <span class='ocrx_word' id='word_1_170' title='bbox 1716 3097 1918 3143; x_wconf 86' lang='lat' dir='ltr'>omnes</span> <span class='ocrx_word' id='word_1_171' title='bbox 1940 3078 2437 3159; x_wconf 80' lang='lat' dir='ltr'>Archiepiscopos</span> 
     </span>
     <span class='ocr_line' id='line_1_21' title="bbox 291 3194 2147 3275; baseline 0.001 -24"><span class='ocrx_word' id='word_1_172' title='bbox 291 3214 321 3250; x_wconf 70' lang='grc' dir='ltr'>ι»</span> <span class='ocrx_word' id='word_1_173' title='bbox 356 3201 414 3256; x_wconf 88' lang='lat' dir='ltr'>et</span> <span class='ocrx_word' id='word_1_174' title='bbox 437 3195 778 3274; x_wconf 86' lang='lat' dir='ltr'>Episcopos</span> <span class='ocrx_word' id='word_1_175' title='bbox 807 3194 994 3257; x_wconf 82' lang='lat' dir='ltr'>etiam</span> <span class='ocrx_word' id='word_1_176' title='bbox 1023 3194 1292 3259; x_wconf 80' lang='lat' dir='ltr'>seniores</span> <span class='ocrx_word' id='word_1_177' title='bbox 1327 3194 1739 3275; x_wconf 65' lang='lat' dir='ltr'>praecedentia</span> <span class='ocrx_word' id='word_1_178' title='bbox 1765 3194 2069 3274; x_wconf 85' lang='lat' dir='ltr'>competit.</span> <span class='ocrx_word' id='word_1_179' title='bbox 2117 3216 2147 3253; x_wconf 63' lang='grc' dir='ltr'><strong><em>ω</em></strong></span> 
     </span>
    </p>

    <p class='ocr_par' dir='ltr' id='par_1_4' title="bbox 291 3305 2440 3621">
     <span class='ocr_line' id='line_1_22' title="bbox 368 3305 2440 3390; baseline 0 -20"><span class='ocrx_word' id='word_1_180' title='bbox 368 3308 571 3371; x_wconf 88' lang='lat' dir='ltr'>Probe</span> <span class='ocrx_word' id='word_1_181' title='bbox 595 3307 801 3389; x_wconf 89' lang='lat' dir='ltr'>igitur</span> <span class='ocrx_word' id='word_1_182' title='bbox 828 3308 1358 3389; x_wconf 85' lang='lat' dir='ltr'>perpendendum</span> <span class='ocrx_word' id='word_1_183' title='bbox 1381 3310 1501 3387; x_wconf 86' lang='lat' dir='ltr'>est,</span> <span class='ocrx_word' id='word_1_184' title='bbox 1544 3326 1711 3372; x_wconf 89' lang='lat' dir='ltr'>num</span> <span class='ocrx_word' id='word_1_185' title='bbox 1740 3308 2076 3390; x_wconf 74' lang='lat' dir='ltr'>praecitatae</span> <span class='ocrx_word' id='word_1_186' title='bbox 2104 3305 2440 3371; x_wconf 85' lang='lat' dir='ltr'>resolutio·</span> 
     </span>
     <span class='ocr_line' id='line_1_23' title="bbox 291 3420 2433 3506; baseline 0 -22"><span class='ocrx_word' id='word_1_187' title='bbox 291 3439 405 3486; x_wconf 89' lang='lat' dir='ltr'>nes</span> <span class='ocrx_word' id='word_1_188' title='bbox 436 3441 513 3486; x_wconf 89' lang='lat' dir='ltr'>ea</span> <span class='ocrx_word' id='word_1_189' title='bbox 534 3423 799 3486; x_wconf 81' lang='lat' dir='ltr'>valeant</span> <span class='ocrx_word' id='word_1_190' title='bbox 832 3421 1165 3488; x_wconf 84' lang='lat' dir='ltr'>destruere</span> <span class='ocrx_word' id='word_1_191' title='bbox 1194 3424 1519 3488; x_wconf 89' lang='lat' dir='ltr'>rationum</span> <span class='ocrx_word' id='word_1_192' title='bbox 1554 3425 1891 3489; x_wconf 88' lang='lat' dir='ltr'>momenta</span> <span class='ocrx_word' id='word_1_193' title='bbox 1909 3472 1931 3502; x_wconf 91' lang='lat'><em>,</em></span> <span class='ocrx_word' id='word_1_194' title='bbox 1975 3442 2120 3506; x_wconf 83' lang='lat' dir='ltr'>quae</span> <span class='ocrx_word' id='word_1_195' title='bbox 2163 3420 2433 3504; x_wconf 88' lang='lat' dir='ltr'>protulit</span> 
     </span>
     <span class='ocr_line' id='line_1_24' title="bbox 291 3524 2430 3621; baseline 0.001 -22"><span class='ocrx_word' id='word_1_196' title='bbox 291 3535 698 3601; x_wconf 86' lang='lat' dir='ltr'>doctissimus</span> <span class='ocrx_word' id='word_1_197' title='bbox 741 3537 916 3601; x_wconf 88' lang='lat' dir='ltr'>card.</span> <span class='ocrx_word' id='word_1_198' title='bbox 963 3537 1042 3602; x_wconf 89' lang='lat' dir='ltr'>de</span> <span class='ocrx_word' id='word_1_199' title='bbox 1086 3543 1289 3617; x_wconf 86' lang='lat' dir='ltr'>Luca,</span> <span class='ocrx_word' id='word_1_200' title='bbox 1319 3558 1473 3603; x_wconf 91' lang='lat' dir='ltr'>cum</span> <span class='ocrx_word' id='word_1_201' title='bbox 1524 3539 1737 3621; x_wconf 88' lang='lat' dir='ltr'>prima</span> <span class='ocrx_word' id='word_1_202' title='bbox 1782 3524 1994 3603; x_wconf 83' lang='lat' dir='ltr'>fronte</span> <span class='ocrx_word' id='word_1_203' title='bbox 2035 3536 2430 3602; x_wconf 86' lang='lat' dir='ltr'>contrariam</span> 
     </span>
    </p>
   </div>
   <div class='ocr_carea' id='block_1_3' title="bbox 290 3652 2430 3841">
    <p class='ocr_par' dir='ltr' id='par_1_5' title="bbox 290 3652 2430 3841">
     <span class='ocr_line' id='line_1_25' title="bbox 290 3652 2430 3736; baseline 0 -22"><span class='ocrx_word' id='word_1_204' title='bbox 290 3652 544 3732; x_wconf 78' lang='lat' dir='ltr'>praxim.</span> <span class='ocrx_word' id='word_1_205' title='bbox 566 3669 698 3732; x_wconf 84' lang='lat' dir='ltr'>prae</span> <span class='ocrx_word' id='word_1_206' title='bbox 721 3670 788 3716; x_wconf 87' lang='lat' dir='ltr'>se</span> <span class='ocrx_word' id='word_1_207' title='bbox 812 3653 980 3718; x_wconf 83' lang='lat' dir='ltr'>ferre</span> <span class='ocrx_word' id='word_1_208' title='bbox 1000 3652 1374 3733; x_wconf 78' lang='lat' dir='ltr'>videantur3</span> <span class='ocrx_word' id='word_1_209' title='bbox 1404 3671 1517 3717; x_wconf 88' lang='lat' dir='ltr'>seu</span> <span class='ocrx_word' id='word_1_210' title='bbox 1559 3653 1772 3736; x_wconf 88' lang='lat' dir='ltr'>potius</span> <span class='ocrx_word' id='word_1_211' title='bbox 1795 3653 1886 3716; x_wconf 81' lang='lat' dir='ltr'>ita</span> <span class='ocrx_word' id='word_1_212' title='bbox 1909 3653 2175 3716; x_wconf 89' lang='lat' dir='ltr'>illarum</span> <span class='ocrx_word' id='word_1_213' title='bbox 2204 3667 2430 3715; x_wconf 86' lang='lat' dir='ltr'>sensus</span> 
     </span>
     <span class='ocr_line' id='line_1_26' title="bbox 293 3755 2428 3841; baseline 0 -21"><span class='ocrx_word' id='word_1_214' title='bbox 293 3757 485 3839; x_wconf 84' lang='lat' dir='ltr'>accipi</span> <span class='ocrx_word' id='word_1_215' title='bbox 521 3757 752 3822; x_wconf 84' lang='lat' dir='ltr'>debeat</span> <span class='ocrx_word' id='word_1_216' title='bbox 789 3760 865 3821; x_wconf 90' lang='lat' dir='ltr'>ut</span> <span class='ocrx_word' id='word_1_217' title='bbox 905 3758 976 3822; x_wconf 93' lang='lat' dir='ltr'>in</span> <span class='ocrx_word' id='word_1_218' title='bbox 1015 3759 1266 3824; x_wconf 86' lang='lat' dir='ltr'>actibus</span> <span class='ocrx_word' id='word_1_219' title='bbox 1295 3778 1474 3824; x_wconf 89' lang='lat' dir='ltr'>mere</span> <span class='ocrx_word' id='word_1_220' title='bbox 1503 3759 1795 3841; x_wconf 79' lang='lat' dir='ltr'>privatis,</span> <span class='ocrx_word' id='word_1_221' title='bbox 1832 3776 1947 3824; x_wconf 88' lang='lat' dir='ltr'>seu</span> <span class='ocrx_word' id='word_1_222' title='bbox 1970 3776 2102 3822; x_wconf 92' lang='lat' dir='ltr'>non</span> <span class='ocrx_word' id='word_1_223' title='bbox 2121 3755 2428 3839; x_wconf 85' lang='lat' dir='ltr'>jurisdic-</span> 
     </span>
    </p>
   </div>
   <div class='ocr_carea' id='block_1_4' title="bbox 290 3869 2434 4645">
    <p class='ocr_par' dir='ltr' id='par_1_6' title="bbox 290 3869 2434 4645">
     <span class='ocr_line' id='line_1_27' title="bbox 290 3869 2430 3955; baseline -0.001 -20"><span class='ocrx_word' id='word_1_224' title='bbox 290 3871 661 3951; x_wconf 88' lang='lat' dir='ltr'>tionalibus,</span> <span class='ocrx_word' id='word_1_225' title='bbox 697 3873 836 3937; x_wconf 86' lang='lat' dir='ltr'>vim</span> <span class='ocrx_word' id='word_1_226' title='bbox 871 3891 1061 3938; x_wconf 87' lang='lat' dir='ltr'>suam</span> <span class='ocrx_word' id='word_1_227' title='bbox 1092 3876 1377 3953; x_wconf 82' lang='lat' dir='ltr'>exerant,</span> <span class='ocrx_word' id='word_1_228' title='bbox 1411 3874 1689 3940; x_wconf 88' lang='lat' dir='ltr'>minime</span> <span class='ocrx_word' id='word_1_229' title='bbox 1725 3892 1878 3938; x_wconf 83' lang='lat' dir='ltr'>vero</span> <span class='ocrx_word' id='word_1_230' title='bbox 1920 3874 1993 3937; x_wconf 92' lang='lat' dir='ltr'>in</span> <span class='ocrx_word' id='word_1_231' title='bbox 2032 3869 2430 3955; x_wconf 84' lang='lat' dir='ltr'>jurisdictio-</span> 
     </span>
     <span class='ocr_line' id='line_1_28' title="bbox 293 3984 2433 4071; baseline 0 -22"><span class='ocrx_word' id='word_1_232' title='bbox 293 3987 570 4068; x_wconf 78' lang='lat' dir='ltr'>nalibuS,</span> <span class='ocrx_word' id='word_1_233' title='bbox 599 4006 719 4052; x_wconf 89' lang='lat' dir='ltr'>ceu</span> <span class='ocrx_word' id='word_1_234' title='bbox 754 3988 1231 4071; x_wconf 90' lang='lat' dir='ltr'>quodammodo</span> <span class='ocrx_word' id='word_1_235' title='bbox 1257 3989 1468 4054; x_wconf 87' lang='lat' dir='ltr'>elucet</span> <span class='ocrx_word' id='word_1_236' title='bbox 1497 4008 1575 4053; x_wconf 88' lang='lat' dir='ltr'>ex</span> <span class='ocrx_word' id='word_1_237' title='bbox 1614 3987 2005 4052; x_wconf 82' lang='lat' dir='ltr'>limitatione</span> <span class='ocrx_word' id='word_1_238' title='bbox 2048 3984 2333 4066; x_wconf 83' lang='lat' dir='ltr'>apposita</span> <span class='ocrx_word' id='word_1_239' title='bbox 2360 3985 2433 4049; x_wconf 90' lang='lat' dir='ltr'>in</span> 
     </span>
     <span class='ocr_line' id='line_1_29' title="bbox 296 4099 2433 4184; baseline 0 -20"><span class='ocrx_word' id='word_1_240' title='bbox 296 4102 612 4180; x_wconf 88' lang='lat' dir='ltr'>postrema</span> <span class='ocrx_word' id='word_1_241' title='bbox 660 4103 974 4166; x_wconf 78' lang='lat' dir='ltr'>extribus</span> <span class='ocrx_word' id='word_1_242' title='bbox 1015 4103 1224 4167; x_wconf 87' lang='lat' dir='ltr'>allatis</span> <span class='ocrx_word' id='word_1_243' title='bbox 1278 4103 1801 4178; x_wconf 57' lang='lat' dir='ltr'>resolutionibus</span> <span class='ocrx_word' id='word_1_244' title='bbox 1844 4100 2131 4184; x_wconf 89' lang='lat' dir='ltr'>Episcopi</span> <span class='ocrx_word' id='word_1_245' title='bbox 2156 4099 2433 4165; x_wconf 89' lang='lat' dir='ltr'>enimin</span> 
     </span>
     <span class='ocr_line' id='line_1_30' title="bbox 296 4214 2434 4300; baseline 0 -23"><span class='ocrx_word' id='word_1_246' title='bbox 296 4217 558 4280; x_wconf 89' lang='lat' dir='ltr'>concilio</span> <span class='ocrx_word' id='word_1_247' title='bbox 581 4217 960 4298; x_wconf 78' lang='lat' dir='ltr'>provinciali</span> <span class='ocrx_word' id='word_1_248' title='bbox 1001 4217 1200 4282; x_wconf 84' lang='lat' dir='ltr'>coacti</span> <span class='ocrx_word' id='word_1_249' title='bbox 1250 4217 1647 4282; x_wconf 89' lang='lat' dir='ltr'>considerari</span> <span class='ocrx_word' id='word_1_250' title='bbox 1692 4218 1962 4300; x_wconf 89' lang='lat' dir='ltr'>possunt</span> <span class='ocrx_word' id='word_1_251' title='bbox 2005 4217 2321 4299; x_wconf 82' lang='lat' dir='ltr'>tanquam</span> <span class='ocrx_word' id='word_1_252' title='bbox 2361 4214 2434 4279; x_wconf 92' lang='lat' dir='ltr'>in</span> 
     </span>
     <span class='ocr_line' id='line_1_31' title="bbox 301 4329 2433 4414; baseline 0 -20"><span class='ocrx_word' id='word_1_253' title='bbox 301 4333 548 4412; x_wconf 81' lang='lat' dir='ltr'>propria</span> <span class='ocrx_word' id='word_1_254' title='bbox 583 4333 888 4412; x_wconf 86' lang='lat' dir='ltr'>ecclesia,</span> <span class='ocrx_word' id='word_1_255' title='bbox 933 4334 1008 4396; x_wconf 86' lang='lat' dir='ltr'>ut</span> <span class='ocrx_word' id='word_1_256' title='bbox 1049 4332 1413 4396; x_wconf 84' lang='lat' dir='ltr'>maximum</span> <span class='ocrx_word' id='word_1_257' title='bbox 1445 4332 1915 4414; x_wconf 88' lang='lat' dir='ltr'>jurisdictionis</span> <span class='ocrx_word' id='word_1_258' title='bbox 1957 4332 2177 4395; x_wconf 84' lang='lat' dir='ltr'>actum</span> <span class='ocrx_word' id='word_1_259' title='bbox 2235 4329 2433 4411; x_wconf 87' lang='lat' dir='ltr'>perfi-</span> 
     </span>
     <span class='ocr_line' id='line_1_32' title="bbox 303 4442 2430 4530; baseline -0 -25"><span class='ocrx_word' id='word_1_260' title='bbox 303 4443 491 4527; x_wconf 84' lang='lat' dir='ltr'>ciant3</span> <span class='ocrx_word' id='word_1_261' title='bbox 517 4447 607 4510; x_wconf 92' lang='lat' dir='ltr'>ibi</span> <span class='ocrx_word' id='word_1_262' title='bbox 639 4465 929 4530; x_wconf 89' lang='lat' dir='ltr'>namque</span> <span class='ocrx_word' id='word_1_263' title='bbox 969 4447 1439 4529; x_wconf 85' lang='lat' dir='ltr'>legislatorum,</span> <span class='ocrx_word' id='word_1_264' title='bbox 1468 4447 1534 4510; x_wconf 87' lang='lat' dir='ltr'>et</span> <span class='ocrx_word' id='word_1_265' title='bbox 1553 4447 1854 4528; x_wconf 87' lang='lat' dir='ltr'>judicum</span> <span class='ocrx_word' id='word_1_266' title='bbox 1876 4447 2087 4528; x_wconf 88' lang='lat' dir='ltr'>partes</span> <span class='ocrx_word' id='word_1_267' title='bbox 2112 4442 2430 4508; x_wconf 85' lang='lat' dir='ltr'>exercent.</span> 
     </span>
     <span class='ocr_line' id='line_1_33' title="bbox 307 4558 2434 4645; baseline -0 -25"><span class='ocrx_word' id='word_1_268' title='bbox 307 4559 498 4642; x_wconf 78' lang='lat' dir='ltr'>Atque</span> <span class='ocrx_word' id='word_1_269' title='bbox 547 4561 618 4625; x_wconf 93' lang='lat' dir='ltr'>in</span> <span class='ocrx_word' id='word_1_270' title='bbox 667 4580 880 4626; x_wconf 89' lang='lat' dir='ltr'>unum</span> <span class='ocrx_word' id='word_1_271' title='bbox 912 4562 1281 4645; x_wconf 89' lang='lat' dir='ltr'>congregati</span> <span class='ocrx_word' id='word_1_272' title='bbox 1310 4561 1701 4644; x_wconf 83' lang='lat' dir='ltr'>suffraganei</span> <span class='ocrx_word' id='word_1_273' title='bbox 1752 4580 1906 4626; x_wconf 91' lang='lat' dir='ltr'>cum</span> <span class='ocrx_word' id='word_1_274' title='bbox 1948 4558 2434 4642; x_wconf 84' lang='lat' dir='ltr'>Metropolitano</span> 
     </span>
    </p>
   </div>
  </div>
 </body>
</html>
