3038 5623
1117 810 1613 875 criluimomn..
2295 808 2437 880 583

287 972 585 1037 moribus
611 971 793 1036 vobis
816 969 1063 1034 luerint
1081 969 1276 1046 dicta,
1307 987 1463 1034 cum
1483 970 1669 1034 omni
1700 972 1932 1053 pietate
1961 972 2347 1055 suscipiatis,
2379 976 2445 1039 et

287 1105 442 1151 cum
468 1104 733 1150 summa
776 1083 1142 1149 reverentia
1175 1084 1447 1148 intentis
1474 1085 1744 1150 auribus
1771 1087 2168 1167 auscultetis,
2199 1090 2348 1167 etc„
2372 1091 2448 1152 ut

289 1201 366 1265 in
407 1200 633 1266 ordine
670 1217 961 1263 romano.
1004 1203 1189 1262 Tunc
1218 1199 1501 1262 recitatis
1526 1199 1884 1279 sententiis,
1924 1200 2190 1282 incipiat
2230 1203 2445 1268 conci-

294 1316 460 1379 lium
491 1315 822 1379 celebrari.
862 1315 1019 1377 item
1070 1312 1148 1376 de
1177 1314 1731 1395 contemptoribus
1770 1332 2099 1379 canonum
2146 1316 2214 1379 in
2263 1317 2446 1383 Tole-

289 1431 447 1494 tano
492 1430 763 1494 concilio
790 1448 877 1492 vn
927 1447 944 1491 ε
988 1429 1062 1493 Si
1097 1429 1235 1508 quis
1279 1436 1500 1493 contra
1536 1447 1610 1492 ea
1653 1446 1794 1511 quae
1834 1430 1904 1492 in
1946 1438 2159 1494 sancto
2186 1432 2444 1496 concilio

290 1537 702 1619 definiuntur,
732 1536 1100 1600 temerarius
1121 1535 1396 1599 violator
1429 1536 1756 1614 exstiterit,
1792 1537 2220 1600 communione
2247 1546 2303 1600 et
2334 1540 2444 1602 ho-

295 1669 449 1715 nore
475 1652 825 1714 mulctetur.
2368 1737 2374 1743 ¹

375 1765 725 1831 Genecleus
769 1766 1105 1848 episcopus
1140 1764 1297 1828 dixit
1327 1782 1344 1827 ε
1387 1764 1622 1828 Omnia
1648 1783 1803 1847 ergo
1832 1784 1978 1847 quae
2011 1785 2046 1830 a
2091 1768 2262 1831 coetu
2297 1768 2442 1850 glo-

293 1879 647 1943 riosissimo
675 1880 912 1944 statuta
932 1881 1110 1956 sunt,
1143 1880 1349 1961 placet
1371 1880 1452 1942 ab
1478 1880 1790 1943 omnibus
1813 1881 2158 1945 custodiri?
2179 1883 2275 1945 Ab
2297 1884 2445 1963 Epi-

291 1994 500 2075 scopis
532 1994 840 2058 omnibus
878 1993 1125 2058 dictum
1154 1995 1248 2057 est
1284 2013 1301 2058 ε
1349 1994 1562 2058 Placet
1603 1996 1682 2057 ut
1708 1994 2157 2059 custodiantur
2185 1997 2267 2060 ab
2295 2015 2441 2061 om-

292 2109 513 2173 nibus
599 2146 604 2152 -

375 2223 725 2287 Genecleus
756 2224 1087 2305 episcopus
1134 2222 1296 2286 dixit
1339 2240 1357 2285 t
1406 2222 1494 2301 Si,
1542 2221 1715 2304 quod
1763 2241 1899 2286 non
1945 2224 2320 2305 opinamur,
2352 2228 2435 2291 ab

287 2338 512 2420 aliquo
553 2339 801 2402 tuerint
844 2338 1082 2402 violata
1115 2356 1260 2420 quae
1307 2338 1607 2416 statuitiS,
1653 2338 1809 2420 quid
1846 2337 2074 2403 debeat
2117 2341 2308 2405 fieri?
2350 2344 2434 2406 ab

291 2453 620 2517 universis
648 2453 971 2535 Episcopis
999 2453 1243 2517 dictum
1274 2454 1370 2516 est
1404 2470 1420 2514 z
1452 2452 1574 2529 Qui
1602 2464 1830 2515 contra
1872 2470 2060 2517 suam
2103 2456 2434 2536 professio-

291 2585 447 2632 nem
475 2569 581 2633 vel
618 2569 1157 2650 subscriptionem
1188 2567 1464 2646 venerit,
1505 2568 1642 2647 ipse
1679 2567 1760 2629 ab
1790 2566 1912 2631 hoc
1938 2569 2110 2632 coetu
2147 2587 2213 2633 se
2258 2589 2434 2653 sepa-

291 2682 483 2746 rabit.

1098 2837 1181 2899 In
1202 2835 1321 2916 fine
1350 2834 1618 2897 concilii.

371 3028 617 3093 Divinae
644 3028 978 3092 Trinitatis
1019 3028 1446 3109 inseparabile
1486 3046 1765 3105 numen,
1806 3029 1972 3092 sicut
2009 3028 2435 3111 inspiratione

290 3141 582 3206 mirabili
611 3143 911 3207 nostrum
935 3143 1283 3207 tractatum
1314 3143 1671 3223 primordio
1708 3143 2129 3222 illuminavit,
2172 3144 2263 3207 ita
2285 3163 2432 3209 con·

289 3258 733 3322 summatione
763 3258 1028 3322 sublimi
1065 3256 1373 3322 eumdem
1395 3259 1535 3338 jam
1567 3257 1960 3339 perficiendo
1985 3259 2332 3339 concludit,
2359 3262 2435 3323 ut

292 3371 364 3434 in
395 3372 505 3435 illo
533 3372 615 3436 sit
629 3375 927 3436 nostrum
954 3372 1352 3454 explicuisse,
1370 3388 1409 3436 a
1429 3389 1558 3455 quo
1590 3372 1779 3436 nobis
1805 3372 2290 3437 fuitinchoasse.
2318 3377 2436 3437 Da-

290 3503 444 3549 mus
471 3504 629 3569 ergo
653 3487 934 3568 gloriam
963 3488 1027 3551 et
1066 3487 1383 3551 honorem
1414 3487 1625 3551 eidem
1656 3489 1892 3551 sanctae
1919 3489 2113 3569 atque
2135 3488 2433 3553 indivisi-

290 3601 412 3666 bili
441 3602 764 3681 Trinitati,
797 3620 944 3684 quae
982 3603 1171 3666 nobis
1208 3603 1272 3666 et
1294 3620 1371 3666 ex
1394 3619 1460 3665 se
1488 3593 1727 3680 dicere,
1771 3603 1834 3665 et
1863 3602 1933 3665 in
1978 3620 2045 3667 se
2072 3603 2240 3667 dicta
2266 3622 2442 3668 com-

291 3715 495 3797 plevit
528 3735 545 3779 z
581 3735 726 3799 quae
761 3717 1143 3780 reformavit
1184 3716 1254 3779 in
1295 3716 1698 3781 extremitate
1728 3717 2117 3780 saeculorum
2152 3718 2440 3782 remedia

289 3832 635 3912 pietatum,
650 3834 714 3897 et
737 3832 996 3896 resolvit
1022 3832 1339 3913 ligamina
1357 3831 1799 3895 vinculorum.
1832 3832 1923 3896 Sit
1949 3832 2312 3913 gratiarum
2331 3851 2438 3897 ac-

286 3946 384 4011 tio
412 3949 476 4010 et
497 3948 876 4011 reverentiae
890 3946 1221 4028 plenitudo
1246 3964 1285 4010 a
1308 3946 1495 4010 nobis
1511 3947 1819 4010 omnibus
1847 3947 1917 4010 in
1946 3965 2298 4012 commune
2315 3948 2440 4030 ipsi

289 4062 798 4127 clementissimo
853 4062 1128 4144 principi
1179 4063 1504 4126 bonorum
1555 4061 1845 4144 gratifico
1899 4062 2214 4145 largitori,
2248 4065 2352 4145 cuj
2363 4082 2439 4129 us

288 4179 596 4242 votorum
627 4178 939 4243 instantia
967 4177 1257 4259 benigna
1282 4181 1453 4241 Deus
1480 4178 1694 4241 attulit
1721 4178 2221 4260 complementa,
2251 4180 2440 4260 cujus

289 4291 625 4373 dispositio
669 4293 959 4375 piissima
986 4309 1441 4373 pressurarum
1483 4292 1763 4356 removit
1808 4292 2024 4372 exitia,
2054 4295 2241 4374 cujus
2269 4294 2437 4357 tem-

292 4405 560 4488 poribus
596 4409 889 4472 conferat
925 4407 1142 4488 vigere
1180 4406 1527 4488 justitiam,
1573 4409 1639 4474 et
1682 4407 2035 4471 exuberare
2076 4405 2439 4470 misericor-

290 4522 471 4586 diam
496 4523 915 4606 opulentam:
953 4524 1142 4605 cujus
1173 4523 1311 4603 post
1337 4521 1668 4603 praesentis
1696 4522 1816 4586 aevi
1858 4524 2151 4603 tempora
2177 4521 2435 4586 diutur-
