3038 5623
850 534 946 579 DE
1000 534 1091 579 LA
1150 515 1529 579 DEuxlnME
1576 518 1902 581 nnn-mn.
2353 539 2444 583 xv

326 710 500 770 vero,
580 686 858 759 aiebam
884 743 904 778 ,
974 687 1032 758 si
1088 687 1623 782 provincialium
1680 685 2112 782 synodorum
2170 687 2450 762 decreta

324 820 601 893 Romam
641 842 784 891 non
815 819 1176 891 mittantur
1211 842 1252 892 a
1276 842 1471 893 saera
1500 819 2055 917 Congregatione
2081 843 2453 918 recognos-

323 961 551 1053 cenda,
610 961 669 1034 si
719 961 927 1033 nihili
976 961 1319 1034 habeatur
1366 961 1774 1057 gravissima
1825 961 1945 1033 illa
1991 960 2103 1035 lex
2134 961 2222 1034 de
2255 961 2450 1036 hisce

324 1093 597 1166 decretis
632 1100 795 1167 ante
824 1070 1185 1190 praefatam
1222 1093 1781 1189 recognitionem
1821 1113 1962 1163 non
1993 1094 2452 1191 promulgan-

323 1225 432 1313 dis,
471 1226 648 1323 quid
685 1234 843 1323 aget
878 1225 1256 1322 apostolica
1288 1224 1503 1297 Sedes
1523 1228 1557 1297 Τ
1589 1224 1696 1297 An
1735 1248 1815 1298 ea
1843 1224 2088 1298 Galliae
2117 1226 2442 1316 concilia,

322 1364 538 1454 utpote
561 1359 1075 1449 anticanonica,
1102 1365 1410 1454 respuet,
1437 1358 1772 1455 nullaque
1799 1381 1880 1431 ac
1905 1358 2102 1431 irrita
2134 1382 2450 1456 pronun-

319 1491 547 1564 tiabit?
582 1490 671 1563 At
714 1498 1058 1588 quantum
1103 1491 1287 1588 apud
1327 1490 1575 1564 fideles
1618 1490 2070 1565 scandalum!
2119 1490 2230 1564 An
2271 1493 2450 1565 sile-

317 1622 426 1715 bit,
467 1629 881 1697 attentatum
939 1623 1499 1698 dissimulando?
1533 1623 1623 1696 At
1669 1649 1882 1722 quam
1939 1625 2334 1698 exitialibus
2371 1625 2447 1697 in

316 1762 655 1852 posterum
722 1757 1170 1831 consectariis
1247 1767 1567 1853 apertum
1630 1759 1890 1830 ostium
1933 1761 1950 1828 l
2026 1759 2190 1831 Haec
2237 1759 2453 1855 igitur

318 1896 534 1962 mente
579 1890 967 1982 revolvens,
1012 1889 1155 1963 adii
1212 1890 1711 1974 clarissimum,
1756 1896 1825 1963 et
1859 1890 1946 1962 de
1993 1896 2232 1963 nostra
2258 1915 2455 1986 prae-

320 2021 503 2117 cipue
543 2022 771 2096 Gallia
818 2028 962 2095 tam
1000 2022 1181 2095 bene
1220 2023 1558 2095 meritum
1612 2022 1843 2093 virum
1880 2021 2201 2112 Fornari,
2254 2021 2455 2094 Sedis

324 2155 701 2249 apostolicae
733 2155 1114 2249 Nuntium;
1157 2177 1371 2250 quem
1410 2160 1480 2226 et
1527 2153 1764 2225 inveni
1799 2152 1932 2224 hac
1965 2152 2215 2225 eadem
2255 2152 2342 2227 de
2372 2177 2450 2227 re

326 2288 595 2360 anxium
659 2310 1136 2383 summopere.
1182 2285 1505 2382 Cumque
1556 2293 1710 2381 post
1747 2284 2262 2381 aliquantulum
2316 2286 2458 2359 col-

321 2417 621 2515 loquium
667 2418 915 2492 dolens
962 2418 1399 2515 subjecisset,
1449 2417 1849 2490 remedium
1891 2441 1932 2491 a
1968 2442 2040 2491 se
2081 2419 2448 2515 introspici

321 2552 605 2644 nullum,
660 2553 943 2648 reposui
998 2551 1372 2648 praepediri
1426 2574 1626 2647 posse
1683 2550 1873 2648 quod
1926 2551 2370 2624 metuebatur
2426 2575 2443 2623 ε

320 2683 659 2757 editurum
696 2707 813 2756 me
848 2685 984 2757 hac
1012 2684 1100 2757 de
1128 2707 1205 2757 re
1241 2684 1720 2780 scriptionem,
1767 2706 1905 2780 qua
1929 2684 2172 2780 vigens
2207 2685 2452 2757 etiam-

321 2840 481 2889 num
510 2818 585 2889 in
618 2817 844 2890 Gallia
873 2819 1081 2914 plane
1109 2817 1709 2890 demonstraretur
1736 2815 1849 2887 lex
1879 2815 1995 2888 illa
2036 2815 2123 2888 de
2158 2840 2302 2889 non
2331 2842 2456 2913 pu-

322 2946 655 3022 blicandis
682 2950 1146 3023 conciliorum
1177 2948 1711 3046 provincialium
1744 2947 2064 3039 decretiS,
2100 2950 2233 3020 nisi
2260 2949 2456 3044 prius

318 3080 545 3155 Romae
578 3082 958 3178 recognitis
992 3106 1009 3153 :
1046 3104 1166 3154 eos
1196 3105 1343 3153 esse
1378 3080 1621 3155 Galliae
1650 3079 2030 3172 AntistiteS,
2080 3082 2207 3177 qui⁴
2239 3105 2457 3178 oppo-

320 3214 511 3286 sitam
546 3236 919 3287 erroneam
957 3214 1365 3309 opinionem
1416 3213 1599 3286 ultro
1652 3213 2049 3309 rejicerent,
2100 3215 2331 3286 statim
2375 3237 2455 3286 ac

320 3346 547 3418 solidis
585 3370 745 3420 eam
800 3346 1235 3442 argumentis
1286 3346 1639 3442 explosam
1694 3343 2037 3418 viderent.
2081 3346 2265 3418 Tum
2305 3345 2446 3436 ille,

320 3477 453 3548 suis
485 3500 680 3550 meas
718 3477 1045 3551 manibus
1078 3501 1407 3574 premens
1442 3502 1459 3547 :
1502 3476 1787 3550 Prenez
1828 3476 1902 3549 la
1925 3476 2176 3575 plume
2213 3477 2338 3549 des
2369 3502 2449 3551 ce

320 3608 482 3699 soir,
526 3608 587 3680 il
618 3610 739 3707 n'y
766 3633 813 3680 a
842 3634 971 3707 pas
1002 3609 1091 3682 de
1113 3626 1349 3711 'temps
1376 3611 1421 3681 ἀ
1442 3609 1740 3707 perdre.

415 3740 509 3811 Ea
536 3740 667 3814 fuit
704 3741 1055 3815 scribendi
1105 3742 1398 3839 hujusce
1424 3747 1758 3816 tractatus
1806 3742 2079 3816 occasio
2109 3743 2253 3840 (1);
2298 3766 2456 3840 quae

403 3954 468 4026 (¹)
494 3957 631 4014 Cum
657 3974 749 4015 res
774 3964 1019 4032 urgeret,
1046 3960 1229 4016 statim
1255 3960 1465 4016 interea
1493 3959 1901 4017 dissertationes
1928 3961 2176 4033 quinque
2204 3961 2264 4016 in
2284 3961 2459 4019 diario

347 4046 616 4125 l'Univers,
646 4055 717 4112 de
742 4061 1068 4128 argumento
1092 4058 1289 4114 eodem
1318 4056 1464 4113 edidi
1474 4076 1495 4127 3
1518 4073 1655 4131 quas
1675 4057 1842 4130 paulo
1866 4062 1991 4131 post
2017 4060 2136 4131 ipse
2163 4059 2305 4116 liber
2331 4060 2464 4115 sub-

350 4151 549 4204 see-utus
574 4153 676 4207 est.
