3038 5623
605 796 749 866 250
1313 796 1701 861 TROISOEME
1749 814 2029 862 PAnTm.

605 978 639 1016 »
671 958 763 1021 eis
807 975 943 1021 non
987 957 1070 1021 sit
1115 956 1552 1021 necessarium
1604 956 1748 1035 post
1790 947 1927 1018 haee
1975 971 2092 1035 pro
2139 955 2425 1035 parvulis
2477 954 2558 1018 ad
2615 973 2730 1019 nos

603 1094 640 1131 »
671 1072 885 1135 causis
920 1072 1100 1135 tanto
1135 1072 1334 1134 maris
1368 1071 1572 1151 spatio
1615 1070 2075 1134 transmeando
2115 1070 2473 1151 pervenire.
2521 1071 2641 1134 Sed
2684 1071 2736 1134 si

604 1209 636 1245 »
672 1205 818 1268 quae
856 1186 1121 1251 fortasse
1161 1186 1449 1250 difficilia
1484 1186 1770 1250 existunt
1800 1204 1947 1267 quae
1973 1185 2389 1249 fraternitatis
2413 1187 2543 1250 tuae
2572 1185 2743 1266 jndi-

605 1324 636 1360 n
671 1302 770 1365 cio
811 1320 1224 1384 nequaquam
1254 1301 1475 1364 dirimi
1515 1301 1783 1382 possint,
1824 1301 1961 1364 haec
2001 1300 2409 1365 solummodo
2437 1302 2740 1364 nostrum

606 1440 634 1474 n
666 1416 992 1497 judicium
1027 1417 1318 1498 flagitent
1360 1436 1376 1479 z
1416 1419 1492 1479 ut
1534 1416 1848 1479 sublevati
1895 1415 1974 1478 de
2023 1415 2353 1494 minimis,
2406 1417 2477 1479 in
2531 1417 2744 1481 causis

607 1554 643 1592 »
678 1533 1036 1613 majoribus
1065 1532 1385 1595 efficacius
1424 1549 1839 1612 occupemur.
1869 1535 2035 1607 Quas
2068 1531 2365 1596 videlicet
2396 1532 2570 1596 vices
2599 1550 2733 1596 non

524 1722 545 1739 ο
607 1669 640 1706 1)
672 1648 812 1711 1666
867 1647 977 1711 sed
1031 1665 1319 1728 personae
1357 1647 1732 1710 tribuimus,
1788 1668 1824 1707 ›>
1879 1647 2150 1724 (Bullar.
2205 1653 2420 1725 Rom„
2468 1648 2629 1710 tom.
2675 1652 2726 1726 l,

607 1778 753 1841 pag.
785 1760 909 1842 96.)

631 1906 638 1911 ·
687 1876 840 1940 L'an
881 1882 1029 1954 595,
1059 1876 1120 1940 16
1162 1874 1379 1940 meme
1421 1881 1588 1957 Pape
1625 1875 1892 1941 ecrivait
1925 1875 1963 1940 a
2005 1876 2285 1958 Virgile,
2335 1876 2746 1958 archeveque

605 1991 887 2055 d'Arles:

696 2129 725 2166 «
756 2107 820 2170 Si
849 2125 977 2187 qua
1005 2124 1158 2170 vero
1182 2106 1511 2189 inquisitio
1535 2105 1613 2169 de
1635 2105 1762 2168 fide
1784 2105 1888 2169 vel
1908 2105 2171 2168 fortasse
2194 2105 2477 2168 aliarum
2508 2123 2737 2169 rerum

604 2243 635 2281 1)
673 2222 846 2285 inter
877 2222 1216 2303 Episcopos
1242 2239 1436 2286 eausa
1478 2220 1856 2298 emerserit,
1887 2238 2031 2302 quae
2078 2219 2359 2284 discerni
2401 2220 2741 2283 difficilius

602 2359 636 2395 n
672 2338 898 2417 possit,
923 2336 1201 2400 collectis
1235 2335 1574 2400 duodecim
1599 2334 1922 2415 Episcopis
1948 2335 2322 2411 ventiletur,
2353 2336 2546 2416 atque
2575 2334 2744 2398 deci-

603 2473 634 2511 »
672 2452 886 2516 datur.
927 2453 991 2517 Si
1037 2454 1252 2516 autem
1294 2450 1499 2515 decidi
1547 2450 1941 2532 nequiverit,
1992 2450 2277 2515 discussa
2323 2452 2596 2514 veritate
2644 2450 2728 2513 ad

604 2587 635 2625 1)
675 2568 975 2630 nostrum
1010 2567 1331 2648 judicium
1375 2567 1713 2630 referatur.
1750 2591 1775 2623 »1
1808 2566 2176 2644 (Sirmond,
2204 2568 2359 2629 tom.
2388 2571 2452 2643 Ι,
2479 2585 2541 2646 p.
2571 2569 2738 2642 414.)

687 2685 859 2744 Dans
901 2698 971 2744 sa
1008 2681 1192 2744 lettre
1235 2699 1360 2743 aux
1404 2680 1690 2763 Eveques
1729 2681 1840 2744 des
1882 2683 2113 2745 Gaules
2135 2665 2164 2759 ,’
2203 2682 2264 2745 16
2305 2681 2523 2745 meme
2569 2686 2733 2761 Pape

605 2796 941 2878 s'exprime
970 2795 1131 2860 dans
1158 2795 1216 2860 le
1240 2795 1456 2860 meme
1486 2814 1633 2860 sens
1660 2815 1678 2859 ε

694 2911 816 2974 «Si
860 2928 1061 2992 quam
1101 2928 1254 2974 vero
1299 2912 1885 2975 contentionem...
1928 2911 2007 2976 de
2045 2911 2195 2975 fidei
2239 2929 2433 2975 causa
2478 2913 2740 2975 evenire

605 3048 641 3087 »
673 3026 1055 3108 contigerit,
1104 3027 1217 3089 aut
1257 3028 1591 3108 negotium
1634 3027 1969 3090 emerserit
2013 3029 2199 3106 qu‘us
2249 3026 2603 3098 vehemens
2654 3028 2738 3089 sit

608 3162 640 3201 »
674 3142 939 3206 fortasse
984 3140 1296 3219 dubietaS,
1345 3143 1409 3204 et
1458 3159 1575 3221 pro
1624 3141 1725 3204 sui
1776 3140 2220 3221 magnitudine
2264 3139 2512 3221 judicio
2560 3140 2734 3204 Sedis

605 3279 635 3314 »
672 3256 1032 3335 apostolicae
1070 3255 1386 3337 indigeat,
1415 3255 1778 3320 examinata
1815 3255 2192 3336 diligentius
2231 3255 2532 3332 veritate,
2575 3255 2739 3318 rela-

496 3411 501 3416 -
604 3392 641 3430 »
675 3370 846 3434 tione
875 3389 990 3435 sua
1028 3371 1108 3434 ad
1148 3373 1434 3435 nostram
1483 3371 1734 3435 studeat
1775 3371 2125 3451 perducere
2170 3371 2541 3448 notionem,
2571 3387 2735 3452 qua-

603 3505 634 3541 »
672 3485 860 3547 1611115
902 3504 938 3547 6
984 3486 1170 3548 nobis
1196 3487 1407 3549 valeat
1434 3503 1727 3567 congrua
1766 3485 1905 3549 sine
1946 3484 2144 3548 dubio
2170 3486 2489 3549 sententia
2517 3488 2742 3548 termi-

602 3618 635 3656 ›>
686 3599 855 3660 nari.
884 3623 912 3656 »
957 3599 1323 3679 (Sirmond,
1355 3602 1402 3663 t.
1438 3606 1492 3676 1,
1525 3620 1588 3682 p.
1619 3603 1784 3679 415.)

683 3713 837 3776 L'an
884 3720 1032 3791 599,
1078 3715 1126 3777 il
1165 3716 1425 3779 exhorte
1465 3717 1560 3779 les
1600 3715 1889 3797 Eveques
1931 3714 2009 3779 de
2052 3719 2293 3779 France
2335 3716 2371 3778 a
2422 3717 2595 3780 tenir
2643 3734 2739 3780 un

602 3829 880 3908 concile,
909 3830 973 3893 et
995 3831 1148 3893 veut
1176 3832 1375 3911 qu'on
1403 3830 1497 3893 lui
1522 3849 1605 3893 66
1630 3830 1790 3893 fasse
1819 3830 2150 3894 connaitre
2174 3831 2268 3893 les
2296 3831 2551 3893 51611115.

693 3967 720 4000 α
751 3945 1245 4009 Fraternitatem
1294 3947 1578 4009 vestram
1610 3999 1625 4026 ‚
1672 3946 1929 4008 auctore
1981 3948 2142 4022 Deo,
2183 3946 2496 4008 volumus
2540 3963 2738 4027 syno-

605 4079 634 4116 n
671 4057 831 4122 dum
888 4078 1355 4142 congregare...
1414 4064 1501 4123 De
1554 4060 1793 4141 quibus
1848 4060 2097 4124 cunctis
2152 4060 2740 4124 reverendissimus

603 4172 869 4237 »frater
923 4177 1141 4238 noster
1194 4175 1503 4256 syagrius
1570 4175 1916 4255 Episcopus
1955 4193 2130 4238 cum
2198 4175 2379 4237 omni
2454 4175 2744 4256 synode,

604 4309 637 4347 »
672 4286 1086 4353 dilectissimo
1129 4292 1349 4353 nostro
1391 4289 1650 4373 cyriaco
1692 4290 1924 4353 abbate
1962 4291 2326 4369 remeante,
2362 4291 2554 4353 nobis
2590 4306 2738 4371 quae

608 4425 646 4461 n
677 4404 816 4466 acta
862 4405 1013 4465 sunt
1061 4404 1313 4468 studeat
1362 4406 1768 4485 renuntiare3
1818 4406 1893 4467 ut
1944 4404 2264 4468 subtiliter
2313 4406 2741 4485 agnoscentes

606 4541 641 4580 »
675 4518 834 4602 quid
885 4519 949 4582 et
1010 4521 1165 4582 cum
1228 4537 1361 4600 qua
1418 4521 1669 4584 cautela
1729 4521 1832 4583 vel
1888 4520 2172 4601 qualiter
2221 4519 2302 4582 sit
2361 4518 2705 4585 decretum
2726 4568 2752 4599 ,
