3038 5623
366 827 668 874 coneum
701 828 915 876 Pnov.
953 830 1093 875 PAR
1143 830 1471 876 mppom·
1519 829 1618 875 An
1665 816 2133 880 sum-smum
2240 812 2381 881 237

249 990 276 1026 ι)
311 969 490 1033 sione
519 970 739 1034 fratris
765 972 832 1034 et
859 970 1219 1052 coepiscopi
1262 972 1461 1035 nostri
1493 973 1667 1051 Rufi,
1704 973 1891 1054 cujus
1917 974 2382 1055 experientiam

245 1105 272 1144 ι)
306 1087 791 1167 comprobatam
820 1105 957 1152 esse
983 1087 1054 1150 in
1073 1090 1284 1151 causis
1307 1089 1615 1151 omnibus
1634 1089 1697 1151 et
1716 1088 1867 1151 vitae
1885 1089 2132 1152 actibus
2155 1089 2378 1171 liquet,

246 1221 272 1258 »
306 1201 613 1265 volumus
642 1202 940 1268 resecari.
970 1204 1084 1268 Cui
1113 1203 1323 1267 vicem
1349 1205 1643 1267 nostram
1671 1222 1789 1284 per
1815 1205 2098 1268 vestram
2127 1206 2384 1286 provin·

246 1336 272 1401 ζ)
303 1315 474 1380 ciam
503 1319 813 1382 noveritis
834 1336 968 1383 esse
991 1319 1407 1383 commissam
1422 1344 1440 1398 3
1475 1318 1565 1381 ita
1591 1321 1668 1380 ut
1695 1317 1773 1380 ad
1803 1337 1983 1397 eum,
2019 1320 2247 1383 fratres
2280 1338 2383 1384 ca-

246 1450 273 1487 »
305 1431 572 1510 rissimi‚
603 1433 923 1517 quidquid
954 1433 1034 1497 de
1056 1433 1267 1497 causis
1304 1431 1523 1514 agitur
1550 1433 1863 1496 referatis,
1898 1455 1930 1492 »

317 1547 469 1610 L'an
500 1555 644 1623 430,
671 1549 844 1611 saint
866 1550 1098 1630 cyrille
1121 1547 1387 1612 ecrivait
1410 1567 1492 1611 au
1529 1566 1686 1629 pape
1714 1547 1884 1611 saint
1907 1548 2180 1612 Celestin
2212 1569 2229 1611 ε

325 1685 354 1718 «
385 1663 447 1726 Si
471 1665 537 1742 J'e
570 1681 652 1726 ne
682 1681 790 1727 me
825 1662 1085 1727 rendais
1126 1681 1241 1745 pas
1281 1664 1592 1745 coupable
1626 1665 1693 1726 et
1730 1662 1925 1744 digne
1951 1663 2031 1727 de
2058 1664 2270 1727 blame
2297 1683 2382 1728 en

243 1797 271 1835 ι)
303 1777 570 1840 laissant
612 1778 876 1858 ignorer
923 1779 959 1842 a
1004 1781 1185 1843 votre
1226 1780 1392 1861 piete
1429 1798 1500 1843 ce
1530 1779 1644 1861 qui
1678 1797 1744 1843 se
1775 1797 1979 1860 passe,
2006 1781 2261 1843 surtout
2291 1781 2385 1844 les

241 1914 271 1951 »
307 1894 529 1956 choses
550 1893 730 1956 etant
763 1895 817 1957 si
849 1913 1100 1976 graveS,
1126 1914 1254 1977 que
1278 1896 1341 1958 la
1371 1895 1456 1958 foi
1489 1894 1729 1972 meme,
1760 1893 1905 1975 deja
1926 1893 2237 1975 depravee
2268 1913 2385 1975 par

239 2030 266 2064 »
307 2009 803 2091 quelques-um,
857 2028 923 2074 se
970 2013 1198 2073 trouve
1247 1996 1331 2074 en
1378 2010 1569 2091 peril,
1622 2013 1690 2090 je
1743 2028 1849 2073 me
1891 2009 2091 2073 dirais
2137 2008 2174 2073 a
2223 2009 2383 2073 moi·

237 2145 266 2179 »
297 2125 514 2188 meme
560 2143 577 2186 :
628 2130 711 2189 Le
754 2126 919 2207 parti
948 2125 1035 2189 du
1084 2127 1322 2190 silence
1353 2126 1544 2189 m'est
1572 2127 1978 2205 avantageux
2023 2126 2087 2187 et
2116 2141 2222 2187 me
2249 2126 2385 2188 met

234 2258 266 2295 1>
301 2238 455 2303 hors
483 2238 562 2303 de
600 2242 743 2304 tout
769 2241 1035 2321 danger.
1081 2243 1132 2303 ll
1176 2242 1334 2303 vaut
1373 2240 1596 2303 mieux
1626 2240 1806 2301 avoir
1847 2240 1910 2300 la
1960 2238 2105 2318 paix
2148 2256 2272 2319 que
2303 2236 2382 2301 de

233 2373 515 2435 »passer
544 2375 614 2420 sa
646 2357 749 2420 vie
775 2356 937 2420 dans
965 2356 1346 2438 l'agitation.
1378 2355 1537 2418 Mais
1560 2371 1815 2416 comme
1838 2353 1994 2416 Dieu
2020 2370 2185 2416 nous
2208 2370 2385 2416 com-

232 2488 261 2525 »
294 2470 537 2535 mande
562 2473 624 2534 la
656 2472 977 2553 vigilance
1023 2472 1187 2534 dans
1224 2488 1329 2533 ces
1359 2471 1561 2532 sortes
1596 2467 2010 2546 d'occasionS,
2047 2469 2111 2530 et
2150 2485 2275 2549 que
2319 2468 2383 2530 la

222 2564 261 2643 x»
294 2585 522 2665 lonyue
567 2595 847 2649 coucume
889 2585 999 2649 des
1046 2585 1274 2668 eglises
1317 2586 1473 2648 veut
1514 2604 1641 2667 que
1685 2602 1853 2647 nous
1881 2602 1965 2649 en
2003 2583 2381 2647 communi-

228 2718 256 2755 »
295 2700 536 2781 quions
566 2719 718 2765 avec
745 2705 924 2765 voire
951 2701 1119 2782 piete
1142 2702 1255 2779 (καὶ
1282 2700 1351 2760 τὰ
1378 2699 1561 2782 μακρὰ
1589 2704 1694 2759 τῶν
1726 2702 2023 2773 ἐκκλησιῶν
2055 2700 2147 2773 ἔθη
2168 2697 2382 2758 πείθου-

225 2839 251 2871 »
291 2841 376 2877 σιν
412 2816 818 2878 ἀνακοινοῦσθαι
851 2823 920 2899 τῇ
952 2823 1020 2900 σῇ
1046 2818 1334 2896 ὁσιότητι),
1359 2820 1424 2897 je
1457 2836 1566 2880 me
1608 2817 1746 2881 vois
1788 2816 1950 2879 dans
1980 2814 2379 2896 l'Obligation

216 2950 247 2988 1>
286 2932 679 3014 rigoureuse
725 2932 802 2997 de
850 2952 1012 2997 vous
1063 2933 1294 3011 ecrire,
1342 2935 1406 2996 et
1443 2933 1523 2997 de
1578 2950 1738 2996 vous
1780 2931 1943 2994 faire
1996 2929 2209 2993 savoir
2249 2946 2379 3010 que

217 3066 247 3102 ι)
282 3049 702 3112 maintenant
744 3067 978 3112 encore
1025 3050 1219 3112 Satan
1249 3068 1287 3111 a
1328 3050 1483 3111 tout·
1511 3045 1913 3110 bouleverse.
1959 3066 1989 3103 x>
2027 3044 2378 3122 (Constant,

214 3166 541 3241 p.1086)

285 3279 456 3340 L'an
492 3286 638 3356 428,
671 3279 731 3342 le
762 3278 976 3342 meme
1014 3278 1188 3342 saint
1214 3278 1486 3343 Celestin
1516 3276 1786 3340 ecrivait
1830 3293 1956 3338 aux
1981 3274 2271 3357 Eveques
2298 3273 2379 3338 dc

205 3391 471 3457 Vienne
516 3396 581 3457 ct
631 3394 710 3458 de
751 3395 1117 3472 Narbonne,
1162 3398 1198 3457 a
1246 3392 1584 3456 l’occasion
1631 3391 1709 3456 de
1740 3391 2016 3455 certains
2056 3392 2218 3454 abus
2260 3390 2375 3473 qui

199 3507 516 3572 s'etaient
544 3508 774 3572 etablis
803 3509 968 3572 dans
995 3527 1099 3573 ces
1124 3509 1461 3589 provinces
1489 3526 1506 3570 τ

290 3649 325 3685 «
352 3630 498 3689 Nec
548 3625 740 3688 silere
773 3643 1136 3705 possumus,
1183 3642 1336 3687 cum
1367 3622 1445 3686 ad
1482 3623 1606 3685 hoc
1635 3623 1708 3684 ut
1735 3622 1817 3684 ab
1849 3620 2087 3684 illicitis
2117 3638 2381 3684 revoce-

191 3761 226 3799 ›>
266 3760 438 3805 mus
473 3740 730 3822 aliquos
748 3741 941 3805 officii
969 3740 1174 3803 nostri
1195 3756 1630 3820 provocemur
1651 3737 1986 3812 instinctu,
2014 3737 2079 3798 in
2104 3735 2381 3816 speculis

193 3877 226 3912 υ
263 3875 307 3919 a
342 3862 490 3920 Deo
519 3855 851 3918 constituti
882 3856 955 3917 ut
992 3853 1346 3934 vigilantiae
1377 3852 1615 3914 nostrae
1647 3849 2050 3930 diligentiam
2080 3866 2379 3928 compro-

185 3992 216 4028 »
256 3973 547 4047 banteS,
588 3973 654 4032 et
680 3987 826 4051 quae
872 3966 1222 4032 coercenda
1261 3968 1415 4030 sunt
1460 3982 1844 4042 resecemm,
1877 3965 1939 4027 et
1968 3980 2111 4045 quae
2154 3964 2375 4026 obser-

182 4106 218 4147 »
247 4085 500 4150 vanda
533 4086 692 4146 sunt
716 4084 1108 4146 sanciamus,
1147 4084 1323 4147 Circa
1361 4080 1663 4163 quamvis
1691 4078 2048 4162 longinqua
2074 4077 2378 4158 spiritalis

181 4223 212 4258 »
251 4219 438 4265 cura
470 4217 615 4262 non
644 4197 862 4261 deficit
880 4217 900 4278 3
931 4196 1040 4261 sed
1069 4215 1136 4261 se
1164 4215 1280 4278 per
1308 4194 1530 4259 omnia
1574 4213 1700 4277 qua
1730 4210 1972 4256 nomen
2003 4192 2111 4256 Dei
2145 4191 2375 4274 praedi·

177 4340 209 4376 »
245 4321 474 4381 catur
516 4312 800 4377 extendit
835 4333 852 4376 τ
887 4331 1004 4376 nec
1046 4312 1342 4375 notitiam
1386 4312 1677 4375 nostram
1707 4308 2193 4390 subterfugiunt
2234 4326 2380 4392 quoe

175 4457 204 4492 η
241 4434 320 4497 in
355 4428 802 4497 eversionem
833 4429 1214 4509 regularum
1239 4428 1508 4492 novellae
1538 4424 2067 4507 praesumptionis
2095 4423 2377 4489 auctori-

172 4571 205 4608 »
237 4551 390 4613 tate
431 4546 870 4610 tentantur...
904 4564 936 4603 ι)
