3038 5623
1166 805 1655 868 cennmomAL.
2341 803 2473 874 561

425 964 665 1028 Exaudi
707 982 849 1043 nos,
897 963 1164 1028 Domine
1187 1013 1206 1042 ‚
1242 964 1553 1047 quoniam
1601 964 1884 1046 benigna
1913 966 2008 1029 est
2044 964 2486 1031 misericordia

341 1082 496 1145 tua:
530 1083 593 1145 et
618 1079 979 1144 secundum
1008 1079 1497 1143 multitudinem
1526 1080 2021 1144 miserationum
2050 1083 2316 1145 tuarum
2344 1100 2484 1146 res-

346 1195 485 1276 pice
515 1213 658 1274 nOS,
691 1195 984 1259 Domine.

425 1364 719 1432 Psalmus
747 1371 846 1427 68.
881 1364 1147 1428 Salvum
1176 1382 1280 1427 me
1312 1364 1430 1439 fac,
1463 1368 1653 1442 DeuS,
1674 1365 1700 1390 *
1729 1365 2045 1446 quoniam
2074 1366 2485 1431 intraverunt

341 1498 528 1564 aquae
554 1498 760 1562 usque
788 1480 866 1544 ad
895 1480 1184 1544 animam
1213 1497 1456 1544 meam.

428 1653 510 1714 Et
544 1651 775 1714 dicitur
805 1659 966 1714 totus
988 1700 1001 1723 ‚
1027 1658 1221 1731 prout
1251 1650 1506 1713 habetur
1535 1668 1733 1731 supra
1759 1652 1828 1713 in
1863 1652 2071 1732 primo
2100 1651 2218 1715 die.
2247 1652 2479 1716 Deinde

342 1769 640 1847 repetitur
658 1768 1026 1847 antiphona.
1063 1770 1310 1847 Inceplo
1327 1767 1599 1847 psalma,
1627 1766 2138 1848 Pontifex-sedet,
2172 1776 2229 1831 et
2256 1769 2485 1849 accipit

340 1885 626 1962 mitram,
674 1885 763 1948 sie
807 1901 1059 1947 manens
1089 1901 1404 1965 quousque
1448 1884 1732 1964 psalmus
1758 1883 2025 1964 finiatur
2054 1891 2107 1946 et
2140 1885 2488 1963 antiphona

339 2006 692 2081 repetatur,·
729 2017 853 2080 qua
884 2000 1162 2080 repetita,
1196 1999 1468 2080 deposita
1497 1999 1711 2078 mitra,
1743 1998 1949 2079 surqit
1978 2005 2035 2061 et
2062 2006 2237 2062 stans
2273 2017 2484 2063 versus

345 2114 432 2179 ad
459 2116 660 2178 altare
686 2113 831 2176 dicit
863 2137 883 2176 .-

1277 2308 1557 2370 oremus.

423 2526 520 2590 Ad
564 2529 660 2605 te,
711 2526 982 2591 Domine
1002 2575 1018 2599 ‚
1066 2525 1306 2589 interni
1338 2525 1644 2589 clamoris
1672 2524 1937 2588 vocibus
1976 2524 2444 2605 proclamantes
2462 2571 2483 2602 ,

345 2643 749 2708 unanimiter
773 2644 1199 2724 postulamuS,
1216 2644 1287 2706 ut
1312 2644 1603 2723 respectu
1629 2643 1756 2704 tuae
1783 2641 2004 2722 gratiae
2024 2641 2298 2718 solidati,
2325 2658 2483 2732 prae-

341 2776 537 2824 cones
560 2758 844 2824 veritatis
870 2758 1232 2822 efficiamur
1261 2757 1594 2838 intrepidi,
1622 2759 1944 2840 tuumque
1978 2757 2309 2820 valeamus
2336 2774 2488 2820 ver·-

345 2875 512 2939 bum
532 2893 683 2938 cum
708 2874 891 2938 omni
919 2873 1157 2938 fiducia
1182 2874 1360 2956 loqui
1379 2900 1397 2954 3
1435 2878 1555 2937 Per
1569 2872 1997 2937 Dominum...
2031 2876 2095 2953 nl.
2130 2877 2362 2937 Amen.

1261 3092 1545 3154 oremus.

429 3284 848 3365 Omnipotens
878 3280 1267 3362 sempiterne
1294 3285 1485 3360 DeuS,
1521 3281 1633 3364 qui
1660 3299 1842 3345 sacro
1880 3281 2057 3345 verbi
2090 3281 2186 3345 tui
2225 3282 2486 3346 oraculo

348 3399 724 3481 promisisti,
745 3398 860 3461 ubi
890 3397 1040 3475 duc,
1070 3397 1172 3459 vel
1199 3398 1327 3460 tres
1347 3397 1414 3459 in
1438 3397 1704 3460 nomine
1727 3398 1837 3461 tuo
1855 3415 1972 3461 con
1981 3397 2227 3479 gregati
2248 3400 2482 3478 essent,

347 3516 412 3578 te
444 3514 734 3578 medium
772 3514 908 3576 fore
942 3531 958 3575 ε
990 3512 1205 3576 adesto
1244 3512 1435 3576 coetui
1476 3514 1696 3576 nostro
1738 3513 2073 3594 propitiuS,
2103 3514 2170 3577 et
2194 3532 2304 3578 cor
2332 3533 2482 3578 nos-

345 3632 528 3694 trum
558 3629 858 3693 illumina
883 3628 1244 3692 misericors
1258 3648 1279 3709 ;
1312 3630 1387 3691 ut
1414 3647 1451 3690 a
1475 3629 1646 3691 bono
1681 3628 2136 3693 misericordiae
2165 3631 2294 3693 tuoe
2325 3631 2443 3694 nul
2463 3666 2484 3678 ··

350 3744 602 3808 latenus
635 3745 1034 3819 aberremuS‚
1051 3745 1157 3808 sed
1183 3747 1429 3808 rectum
1456 3743 1868 3824 justitiaetuae
1894 3745 2228 3808 tramitem
2254 3745 2326 3809 in
2340 3763 2479 3810 om«

347 3860 544 3923 nibus
563 3862 897 3924 teneamus
909 3879 930 3940 3
956 3865 1072 3924 Per
1096 3860 1517 3924 Dominum...
1548 3863 1614 3939 ις).
1643 3863 1874 3924 Amen.

1277 4078 1557 4143 Oramus.

432 4269 516 4330 Ει
546 4267 820 4330 ministri
837 4265 1050 4330 dieunt
1084 4285 1101 4329 ε

429 4400 788 4464 Flectamus
813 4396 1046 4481 genua.
1078 4436 1159 4446 --
1185 4401 1435 4463 Levate.

430 4546 617 4622 Deus,
643 4543 755 4627 qui
783 4543 1033 4624 populis
1070 4542 1199 4604 tuis
1238 4540 1647 4624 indulgentia
1691 4542 1994 4622 consulis,
2024 4544 2087 4606 et
2113 4561 2331 4609 amore
2352 4544 2477 4608 do·-

2156 4657 2230 4712 36
