3038 5623
353 861 656 911 concmz
707 864 917 914 Pnov,
963 864 1102 911 PAR
1154 864 1478 912 RAPPORT
1524 863 1615 911 Au
1674 849 2144 914 sAm‘r-snicn.
2255 841 2392 912 263

259 1006 608 1084 comment,
639 1024 755 1087 par
779 1005 1199 1088 consequent,
1228 1007 1349 1071 elle
1382 1024 1466 1070 ne
1492 1008 1650 1088 peut
1674 1005 1854 1070 avoir
1875 1006 2006 1070 lieu
2035 1024 2186 1071 sans
2214 1009 2273 1071 le
2296 1010 2402 1089 ju-

262 1122 524 1199 gement
549 1120 637 1185 du
668 1121 1080 1203 saint-siege,
1109 1121 1239 1185 lors
1269 1122 1483 1186 meme
1510 1140 1639 1205 que
1665 1122 1963 1207 l’Eveque
1991 1119 2219 1188 accuse
2247 1124 2400 1187 n’en

266 1228 639 1308 appellerait
668 1246 781 1310 pas
811 1247 898 1292 au
930 1229 1178 1294 Pontife
1210 1228 1493 1295 romain.

352 1366 381 1401 α
408 1344 583 1409 Inter
632 1344 1033 1410 beatissimos
1081 1345 1425 1425 apostoloS,
1461 1344 1634 1409 sicut
1678 1349 1743 1409 et
1790 1343 1901 1409 ille
1951 1361 2234 1426 magnus
2280 1348 2403 1409 Leo

266 1478 297 1515 »³
330 1457 574 1536 scribit,
605 1459 677 1523 in
704 1459 1113 1524 similitudine
1144 1460 1399 1523 honoris
1428 1461 1554 1542 tuit
1581 1460 1865 1542 quaedam
1899 1459 2183 1524 discretio
2209 1466 2405 1538 potes-

268 1593 297 1631 »
332 1574 499 1649 tatis,
526 1581 586 1637 et
619 1592 763 1637 cum
788 1575 1066 1638 omnium
1091 1591 1213 1653 par
1240 1581 1386 1637 esset
1415 1576 1652 1653 electio,
1683 1575 1802 1638 uni
1841 1582 2044 1640 lamen
2071 1574 2288 1638 datum
2318 1580 2406 1637 est

269 1713 296 1748 a
327 1697 396 1751 ut
419 1692 657 1753 caeteris
689 1691 1133 1769 praeemineret.
1177 1693 1258 1753 De
1286 1708 1410 1770 quo
1442 1691 1650 1772 [orm
1690 1691 2138 1771 Episcoporum
2165 1707 2408 1771 quoque

269 1824 299 1863 »
332 1812 417 1867 est
464 1811 608 1868 orta
648 1805 957 1869 distinctio
990 1828 1011 1868 .·
1054 1813 1114 1870 et
1155 1823 1388 1886 maqna
1434 1806 1834 1887 dispositione
1874 1807 2196 1887 provisum
2228 1813 2414 1869 estne

272 1939 301 1977 ι»
335 1937 543 1984 omnes
567 1921 686 1983 sibi
713 1921 928 1984 omnia
955 1922 1391 1993 vindicarent,-
1423 1922 1531 1985 sed
1556 1932 1746 1986 essem
1776 1923 1844 1985 in
1870 1921 2135 2002 sinqulis
2155 1922 2412 2002 provin·

271 2056 299 2092 n
334 2036 443 2099 ciis
468 2036 704 2117 sinquli
732 2054 994 2129 quorum
1036 2038 1203 2100 iuter
1242 2037 1465 2118 fratres
1494 2037 1818 2100 haberetur
1834 2038 2053 2117 prima
2079 2037 2406 2101 sementia.

271 2170 300 2207 ι)
334 2153 418 2232 Et
457 2169 684 2214 rursus
713 2152 968 2233 quida-m
1008 2152 1078 2214 in
1117 2153 1362 2232 mayuis
1401 2152 1657 2218 urbibus
1694 2152 2018 2216 constituti
2057 2149 2417 2214 sollicitudi-

274 2288 300 2323 ιο
334 2284 470 2329 nem
510 2266 645 2348 ejus
673 2267 1047 2347 susciperent
1090 2268 1459 2348 ampliorem
1502 2290 1524 2329 .·
1554 2285 1673 2347 per
1718 2284 1869 2348 quos
1899 2266 1984 2329 ad
2019 2282 2213 2329 uuam
2241 2264 2419 2327 Petri

272 2401 300 2439 >³
333 2381 549 2446 sedem
597 2383 966 2446 universalis
996 2383 1283 2447 Ecclesioe
1316 2399 1471 2446 cura
1513 2383 1844 2464 conflueret
1869 2388 1926 2444 et
1953 2381 2114 2444 nihil
2137 2396 2415 2460 unquam

272 2518 301 2555 n
336 2515 376 2560 a
404 2516 518 2561 suo
563 2499 767 2579 capite
798 2498 1137 2562 dissideret.
1184 2497 1362 2575 Quod
1410 2497 1537 2561 nisi
1568 2495 1836 2580 quidam
1877 2513 1955 2559 ex
2003 2494 2186 2558 vobis
2236 2496 2418 2558 nullo

275 2634 302 2668 s
341 2611 640 2678 interiori
689 2613 1335 2695 comprehendissent
1380 2613 1635 2690 obtutu,
1677 2628 2020 2693 nunquam
2049 2609 2416 2676 Rothadum

277 2748 309 2788 »
340 2727 713 2809 episcopum
754 2729 1149 2792 suessonicae
1194 2728 1376 2792 urbis
1422 2728 1562 2792 sine
1591 2745 1906 2792 consensu
1955 2728 2174 2792 nostro
2220 2726 2412 2808 depo-

275 2866 305 2905 »
340 2845 697 2912 suissent...
745 2849 905 2909 Nam
938 2844 1262 2928 quomodo
1291 2863 1425 2909 non
1462 2862 1694 2909 omnes
1720 2844 1901 2909 vobis
1934 2843 2157 2907 omnia
2195 2842 2413 2907 vindi-

275 2981 303 3019 »
337 2962 515 3039 catiS,
567 2960 681 3044 qui
706 2960 953 3042 judicia
981 2961 1463 3042 Episcoporum‚
1511 2978 1656 3042 quae
1705 2958 1937 3023 merito
1966 2958 2140 3022 inter
2167 2958 2418 3037 majora

280 3098 309 3135 1>
342 3079 782 3140 numerantur
828 3075 1106 3157 negotia,
1146 3077 1377 3140 vestrae
1412 3074 1865 3139 deliberationi
1904 3070 2267 3137 tribuistis?
2315 3075 2415 3136 An

276 3214 303 3247 n>
339 3190 672 3255 modicum
718 3191 901 3254 vobis
928 3209 1063 3256 esse
1092 3190 1348 3255 videtur
1375 3192 1607 3254 fratres
1642 3191 1704 3253 et
1733 3188 2146 3268 coepiscopos
2173 3189 2418 3250 vestros

278 3326 305 3363 n
340 3309 576 3387 praeter
600 3307 962 3388 apostolicae
992 3307 1166 3371 Sedis
1197 3322 1583 3370 consensum
1631 3302 2011 3384 depositioni
2056 3300 2416 3382 suincere?

279 3442 307 3478 ¹>
339 3420 514 3498 Quod
564 3421 619 3485 si
648 3421 1102 3486 damnationes
1138 3420 1602 3503 Episcoporum
1648 3435 1781 3482 non
1809 3417 1983 3481 inter
2011 3418 2259 3497 majora
2290 3433 2414 3479 ne-

281 3556 310 3593 »
343 3537 513 3618 gotia
554 3537 1012 3615 dinumeratiS,
1043 3554 1328 3619 quorum
1352 3536 1494 3617 jam
1522 3550 1744 3598 causas
1770 3532 1945 3598 inter
1967 3534 2219 3614 majora
2242 3550 2415 3597 com-
2497 3516 2512 3523 ⁰

281 3672 309 3708 ¹>
344 3652 581 3732 putatis
634 3653 895 3733 negotia
914 3659 1043 3717 Ὶ....
1095 3655 1196 3717 An.
1238 3650 1427 3715 Sedes
1468 3648 1812 3731 apostolica
1855 3648 2050 3728 caput
2099 3664 2233 3710 non
2279 3648 2413 3713 est?

283 3787 311 3824 »
344 3770 608 3832 Frustra
640 3787 818 3851 erge,
864 3770 938 3832 ut
965 3770 1172 3833 multa
1202 3768 1604 3850 praeteream,
1647 3764 1998 3829 concilium
2043 3763 2414 3828 Sardicense

283 3903 309 3936 n
340 3882 416 3945 ad
442 3883 695 3947 ‚Iulium
724 3883 1096 3964 episcopum
1130 3883 1301 3946 inter
1341 3882 1568 3945 caetera
1596 3879 1754 3944 dixit
1786 3898 1802 3943 z
1838 3879 2159 3961 Optimum
2187 3884 2242 3940 et
2271 3895 2416 3940 con-

287 4016 315 4052 »
348 3999 849 4078 qruemissimum
900 4016 1021 4063 esse
1066 3998 1338 4076 videtur,
1382 3997 1437 4060 si
1472 3995 1562 4058 ad
1608 4001 1822 4075 eaput,
1872 3993 1938 4059 id
1988 4000 2071 4055 est
2116 3992 2200 4055 ad
2242 3991 2416 4057 Petri

284 4131 313 4167 1>
339 4113 603 4191 apostoli
638 4112 879 4189 Sedem,
911 4114 982 4177 de
1011 4113 1274 4195 sinqulis
1308 4110 1644 4194 quibusque
1677 4107 2014 4188 provinciis
2043 4107 2294 4198 Domini
2319 4125 2417 4170 re-

286 4246 314 4281 »
345 4227 550 4308 serant
578 4228 944 4292 sacerdotes.
978 4233 1133 4292 Ecce
1176 4227 1404 4292 Sedem
1432 4225 1601 4290 Petri
1638 4223 1829 4305 caput
1870 4223 2278 4303 appellatam,
2309 4224 2413 4287 cui

287 4360 315 4394 n
347 4339 421 4402 de
462 4341 741 4423 singulis
785 4343 1135 4423 provinciis
1178 4342 1435 4408 Domini
1474 4342 1718 4405 referre
1761 4339 2113 4403 sacerdotes
2154 4337 2410 4403 debent.

287 4475 313 4509 »
348 4457 395 4517 E
415 4456 640 4518 contra
663 4474 777 4519 vos
802 4457 959 4521 adeo
993 4459 1165 4522 hanc
1206 4457 1553 4539 despicitiS,
1581 4457 1655 4518 ut
1684 4455 1763 4518 ad
1790 4472 1935 4518 eam
1968 4455 2132 4518 nihil
2158 4454 2238 4518 de
2274 4472 2413 4516 ma-

290 4587 319 4625 »
339 4568 587 4646 Joribus
630 4572 909 4651 negotiis
939 4575 1178 4638 referre
1216 4573 1477 4648 curetiS‚
1516 4589 1591 4634 ac
1641 4571 2018 4652 Episcopum
2047 4567 2410 4632 inconsulta
