<?xml version="1.0" encoding="UTF-8"?>
<!DOCTYPE html PUBLIC "-//W3C//DTD XHTML 1.0 Transitional//EN"
    "http://www.w3.org/TR/xhtml1/DTD/xhtml1-transitional.dtd">
<html xmlns="http://www.w3.org/1999/xhtml" xml:lang="en" lang="en">
 <head>
  <title>
</title>
<meta http-equiv="Content-Type" content="text/html;charset=utf-8" />
  <meta name='ocr-system' content='tesseract 3.04.00' />
  <meta name='ocr-capabilities' content='ocr_page ocr_carea ocr_par ocr_line ocrx_word'/>
</head>
<body>
  <div class='ocr_page' id='page_1' title='image "./tractatusdeconc00bouigoog_0592.png"; bbox 0 0 3038 5623; ppageno 0'>
   <div class='ocr_carea' id='block_1_1' title="bbox 556 774 1992 851">
    <p class='ocr_par' dir='ltr' id='par_1_1' title="bbox 556 774 1992 851">
     <span class='ocr_line' id='line_1_1' title="bbox 556 774 1992 851; baseline -0.003 -7"><span class='ocrx_word' id='word_1_1' title='bbox 556 775 696 845; x_wconf 77' lang='lat'>572</span> <span class='ocrx_word' id='word_1_2' title='bbox 1254 774 1658 851; x_wconf 73' lang='lat' dir='ltr'>chmimE</span> <span class='ocrx_word' id='word_1_3' title='bbox 1713 794 1992 841; x_wconf 75' lang='lat' dir='ltr'>PARTIE.</span> 
     </span>
    </p>
   </div>
   <div class='ocr_carea' id='block_1_2' title="bbox 535 933 2700 4592">
    <p class='ocr_par' dir='ltr' id='par_1_2' title="bbox 535 933 2700 4592">
     <span class='ocr_line' id='line_1_2' title="bbox 555 933 2691 1016; baseline -0.002 -14"><span class='ocrx_word' id='word_1_4' title='bbox 555 936 792 1002; x_wconf 86' lang='lat' dir='ltr'>Sedilia</span> <span class='ocrx_word' id='word_1_5' title='bbox 844 936 914 999; x_wconf 93' lang='lat' dir='ltr'>in</span> <span class='ocrx_word' id='word_1_6' title='bbox 960 951 1036 1000; x_wconf 85' lang='lat' dir='ltr'>ea</span> <span class='ocrx_word' id='word_1_7' title='bbox 1076 934 1527 1016; x_wconf 82' lang='lat' dir='ltr'>disponentur,</span> <span class='ocrx_word' id='word_1_8' title='bbox 1569 934 1640 998; x_wconf 89' lang='lat' dir='ltr'>in</span> <span class='ocrx_word' id='word_1_9' title='bbox 1665 933 2168 1016; x_wconf 81' lang='lat' dir='ltr'>provincialibus</span> <span class='ocrx_word' id='word_1_10' title='bbox 2197 933 2463 1016; x_wconf 92' lang='lat' dir='ltr'>quidem</span> <span class='ocrx_word' id='word_1_11' title='bbox 2509 953 2691 1016; x_wconf 86' lang='lat' dir='ltr'>capa·</span> 
     </span>
     <span class='ocr_line' id='line_1_3' title="bbox 550 1047 2687 1132; baseline -0.001 -16"><span class='ocrx_word' id='word_1_12' title='bbox 550 1052 649 1117; x_wconf 91' lang='lat' dir='ltr'>cia</span> <span class='ocrx_word' id='word_1_13' title='bbox 680 1069 797 1132; x_wconf 86' lang='lat' dir='ltr'>pro</span> <span class='ocrx_word' id='word_1_14' title='bbox 843 1069 1120 1115; x_wconf 90' lang='lat' dir='ltr'>numero</span> <span class='ocrx_word' id='word_1_15' title='bbox 1148 1050 1633 1131; x_wconf 89' lang='lat' dir='ltr'>Episcoporum,</span> <span class='ocrx_word' id='word_1_16' title='bbox 1682 1049 2016 1125; x_wconf 90' lang='lat' dir='ltr'>abbatum,</span> <span class='ocrx_word' id='word_1_17' title='bbox 2047 1047 2455 1130; x_wconf 81' lang='lat' dir='ltr'>aliorumque</span> <span class='ocrx_word' id='word_1_18' title='bbox 2488 1049 2687 1113; x_wconf 88' lang='lat' dir='ltr'>eccle-</span> 
     </span>
     <span class='ocr_line' id='line_1_4' title="bbox 551 1163 2691 1248; baseline -0.001 -16"><span class='ocrx_word' id='word_1_19' title='bbox 551 1166 802 1232; x_wconf 89' lang='lat' dir='ltr'>siastica</span> <span class='ocrx_word' id='word_1_20' title='bbox 829 1166 1141 1248; x_wconf 80' lang='lat' dir='ltr'>dignitate</span> <span class='ocrx_word' id='word_1_21' title='bbox 1184 1164 1625 1248; x_wconf 74' lang='lat' dir='ltr'>fulgentium3</span> <span class='ocrx_word' id='word_1_22' title='bbox 1674 1164 1832 1228; x_wconf 88' lang='lat' dir='ltr'>item</span> <span class='ocrx_word' id='word_1_23' title='bbox 1864 1182 1981 1245; x_wconf 89' lang='lat' dir='ltr'>pro</span> <span class='ocrx_word' id='word_1_24' title='bbox 2010 1163 2362 1242; x_wconf 83' lang='lat' dir='ltr'>canonicis,</span> <span class='ocrx_word' id='word_1_25' title='bbox 2392 1182 2464 1227; x_wconf 87' lang='lat' dir='ltr'>ac</span> <span class='ocrx_word' id='word_1_26' title='bbox 2489 1163 2691 1229; x_wconf 21' lang='lat' dir='ltr'>etiam*</span> 
     </span>
     <span class='ocr_line' id='line_1_5' title="bbox 549 1279 2685 1364; baseline -0.002 -18"><span class='ocrx_word' id='word_1_27' title='bbox 549 1301 669 1364; x_wconf 87' lang='lat' dir='ltr'>pro</span> <span class='ocrx_word' id='word_1_28' title='bbox 710 1283 908 1360; x_wconf 87' lang='lat' dir='ltr'>laicis,</span> <span class='ocrx_word' id='word_1_29' title='bbox 942 1282 993 1345; x_wconf 93' lang='lat' dir='ltr'>si</span> <span class='ocrx_word' id='word_1_30' title='bbox 1030 1281 1140 1362; x_wconf 89' lang='lat' dir='ltr'>qui</span> <span class='ocrx_word' id='word_1_31' title='bbox 1191 1279 1567 1344; x_wconf 80' lang='lat' dir='ltr'>interfuturi</span> <span class='ocrx_word' id='word_1_32' title='bbox 1618 1281 1791 1343; x_wconf 83' lang='lat' dir='ltr'>sunt.</span> <span class='ocrx_word' id='word_1_33' title='bbox 1826 1279 2017 1343; x_wconf 84' lang='lat' dir='ltr'>Sedes</span> <span class='ocrx_word' id='word_1_34' title='bbox 2056 1279 2526 1360; x_wconf 79' lang='lat' dir='ltr'>Metropolitani</span> <span class='ocrx_word' id='word_1_35' title='bbox 2556 1279 2685 1343; x_wconf 85' lang='lat' dir='ltr'>col-</span> 
     </span>
     <span class='ocr_line' id='line_1_6' title="bbox 549 1394 2695 1479; baseline -0.001 -17"><span class='ocrx_word' id='word_1_36' title='bbox 549 1398 872 1462; x_wconf 88' lang='lat' dir='ltr'>locabitur</span> <span class='ocrx_word' id='word_1_37' title='bbox 915 1397 1087 1479; x_wconf 89' lang='lat' dir='ltr'>apud</span> <span class='ocrx_word' id='word_1_38' title='bbox 1139 1396 1363 1474; x_wconf 83' lang='lat' dir='ltr'>altare,</span> <span class='ocrx_word' id='word_1_39' title='bbox 1411 1398 1486 1458; x_wconf 88' lang='lat' dir='ltr'>ut</span> <span class='ocrx_word' id='word_1_40' title='bbox 1540 1395 1610 1458; x_wconf 92' lang='lat' dir='ltr'>in</span> <span class='ocrx_word' id='word_1_41' title='bbox 1669 1395 2025 1459; x_wconf 81' lang='lat' dir='ltr'>Pontificali</span> <span class='ocrx_word' id='word_1_42' title='bbox 2063 1394 2383 1475; x_wconf 83' lang='lat' dir='ltr'>habetur3</span> <span class='ocrx_word' id='word_1_43' title='bbox 2439 1394 2503 1458; x_wconf 84' lang='lat' dir='ltr'>et</span> <span class='ocrx_word' id='word_1_44' title='bbox 2544 1397 2695 1459; x_wconf 74' lang='lat' dir='ltr'>ante</span> 
     </span>
     <span class='ocr_line' id='line_1_7' title="bbox 549 1509 2693 1593; baseline -0.002 -16"><span class='ocrx_word' id='word_1_45' title='bbox 549 1512 781 1577; x_wconf 84' lang='lat' dir='ltr'>faciem</span> <span class='ocrx_word' id='word_1_46' title='bbox 831 1512 1033 1593; x_wconf 91' lang='lat' dir='ltr'>ipsius</span> <span class='ocrx_word' id='word_1_47' title='bbox 1074 1510 1296 1574; x_wconf 88' lang='lat' dir='ltr'>sedilia</span> <span class='ocrx_word' id='word_1_48' title='bbox 1325 1511 1802 1591; x_wconf 88' lang='lat' dir='ltr'>Episcoporum,</span> <span class='ocrx_word' id='word_1_49' title='bbox 1852 1510 1924 1573; x_wconf 91' lang='lat' dir='ltr'>in</span> <span class='ocrx_word' id='word_1_50' title='bbox 1952 1528 2228 1591; x_wconf 74' lang='lat' dir='ltr'>gyrum3</span> <span class='ocrx_word' id='word_1_51' title='bbox 2280 1509 2514 1574; x_wconf 86' lang='lat' dir='ltr'>deinde</span> <span class='ocrx_word' id='word_1_52' title='bbox 2542 1527 2693 1573; x_wconf 89' lang='lat' dir='ltr'>con—</span> 
     </span>
     <span class='ocr_line' id='line_1_8' title="bbox 547 1625 2691 1716; baseline -0.001 -25"><span class='ocrx_word' id='word_1_53' title='bbox 547 1626 890 1709; x_wconf 86' lang='lat' dir='ltr'>duplicatis</span> <span class='ocrx_word' id='word_1_54' title='bbox 937 1626 1242 1716; x_wconf 87' lang='lat' dir='ltr'>sedilibus</span> <span class='ocrx_word' id='word_1_55' title='bbox 1273 1627 1417 1707; x_wconf 89' lang='lat' dir='ltr'>post</span> <span class='ocrx_word' id='word_1_56' title='bbox 1461 1626 1797 1707; x_wconf 89' lang='lat' dir='ltr'>Episcopos</span> <span class='ocrx_word' id='word_1_57' title='bbox 1843 1625 2057 1689; x_wconf 83' lang='lat' dir='ltr'>caeteri</span> <span class='ocrx_word' id='word_1_58' title='bbox 2090 1625 2543 1706; x_wconf 84' lang='lat' dir='ltr'>proximiores,</span> <span class='ocrx_word' id='word_1_59' title='bbox 2588 1626 2691 1689; x_wconf 76' lang='lat' dir='ltr'>vel</span> 
     </span>
     <span class='ocr_line' id='line_1_9' title="bbox 546 1739 2690 1822; baseline -0.001 -17"><span class='ocrx_word' id='word_1_60' title='bbox 546 1742 922 1806; x_wconf 82' lang='lat' dir='ltr'>remotiores</span> <span class='ocrx_word' id='word_1_61' title='bbox 973 1758 1088 1822; x_wconf 91' lang='lat' dir='ltr'>pro</span> <span class='ocrx_word' id='word_1_62' title='bbox 1140 1740 1467 1822; x_wconf 88' lang='lat' dir='ltr'>graduum</span> <span class='ocrx_word' id='word_1_63' title='bbox 1502 1740 1902 1820; x_wconf 85' lang='lat' dir='ltr'>diversitate,</span> <span class='ocrx_word' id='word_1_64' title='bbox 1954 1742 2030 1804; x_wconf 91' lang='lat' dir='ltr'>ut</span> <span class='ocrx_word' id='word_1_65' title='bbox 2082 1759 2232 1804; x_wconf 88' lang='lat' dir='ltr'>mox</span> <span class='ocrx_word' id='word_1_66' title='bbox 2286 1739 2560 1805; x_wconf 91' lang='lat' dir='ltr'>dicetur.</span> <span class='ocrx_word' id='word_1_67' title='bbox 2614 1744 2690 1803; x_wconf 88' lang='lat' dir='ltr'>In</span> 
     </span>
     <span class='ocr_line' id='line_1_10' title="bbox 549 1855 2688 1939; baseline -0 -19"><span class='ocrx_word' id='word_1_68' title='bbox 549 1856 931 1921; x_wconf 85' lang='lat' dir='ltr'>dioecesanis</span> <span class='ocrx_word' id='word_1_69' title='bbox 962 1875 1114 1922; x_wconf 85' lang='lat' dir='ltr'>vero</span> <span class='ocrx_word' id='word_1_70' title='bbox 1139 1856 1292 1939; x_wconf 89' lang='lat' dir='ltr'>quia</span> <span class='ocrx_word' id='word_1_71' title='bbox 1324 1874 1458 1919; x_wconf 91' lang='lat' dir='ltr'>non</span> <span class='ocrx_word' id='word_1_72' title='bbox 1491 1856 1942 1920; x_wconf 79' lang='lat' dir='ltr'>interveniunt</span> <span class='ocrx_word' id='word_1_73' title='bbox 1965 1855 2300 1938; x_wconf 88' lang='lat' dir='ltr'>Episcopi,</span> <span class='ocrx_word' id='word_1_74' title='bbox 2344 1855 2688 1937; x_wconf 76' lang='lat' dir='ltr'>disponen-</span> 
     </span>
     <span class='ocr_line' id='line_1_11' title="bbox 547 1970 2699 2053; baseline 0.001 -20"><span class='ocrx_word' id='word_1_75' title='bbox 547 1972 660 2034; x_wconf 86' lang='lat' dir='ltr'>tur</span> <span class='ocrx_word' id='word_1_76' title='bbox 717 1970 1087 2053; x_wconf 83' lang='lat' dir='ltr'>dignitates,</span> <span class='ocrx_word' id='word_1_77' title='bbox 1116 1973 1181 2035; x_wconf 89' lang='lat' dir='ltr'>et</span> <span class='ocrx_word' id='word_1_78' title='bbox 1229 1971 1525 2037; x_wconf 89' lang='lat' dir='ltr'>canonici</span> <span class='ocrx_word' id='word_1_79' title='bbox 1577 1971 1856 2035; x_wconf 83' lang='lat' dir='ltr'>ecclesiae</span> <span class='ocrx_word' id='word_1_80' title='bbox 1882 1971 2271 2036; x_wconf 88' lang='lat' dir='ltr'>cathedralis</span> <span class='ocrx_word' id='word_1_81' title='bbox 2301 1973 2504 2053; x_wconf 88' lang='lat' dir='ltr'>parati</span> <span class='ocrx_word' id='word_1_82' title='bbox 2541 1971 2699 2035; x_wconf 80' lang='lat' dir='ltr'>hinc</span> 
     </span>
     <span class='ocr_line' id='line_1_12' title="bbox 546 2086 2692 2168; baseline -0 -18"><span class='ocrx_word' id='word_1_83' title='bbox 546 2086 698 2151; x_wconf 88' lang='lat' dir='ltr'>inde</span> <span class='ocrx_word' id='word_1_84' title='bbox 739 2104 777 2150; x_wconf 88' lang='lat' dir='ltr'>a</span> <span class='ocrx_word' id='word_1_85' title='bbox 827 2086 1135 2150; x_wconf 86' lang='lat' dir='ltr'>lateribus</span> <span class='ocrx_word' id='word_1_86' title='bbox 1171 2086 1484 2168; x_wconf 85' lang='lat' dir='ltr'>Episcopi,</span> <span class='ocrx_word' id='word_1_87' title='bbox 1523 2087 1626 2150; x_wconf 82' lang='lat' dir='ltr'>vel</span> <span class='ocrx_word' id='word_1_88' title='bbox 1673 2089 1822 2150; x_wconf 88' lang='lat' dir='ltr'>ante</span> <span class='ocrx_word' id='word_1_89' title='bbox 1862 2086 2274 2168; x_wconf 87' lang='lat' dir='ltr'>Episcopum,</span> <span class='ocrx_word' id='word_1_90' title='bbox 2322 2086 2692 2151; x_wconf 86' lang='lat' dir='ltr'>semicircu-</span> 
     </span>
     <span class='ocr_line' id='line_1_13' title="bbox 547 2200 2700 2284; baseline -0.001 -17"><span class='ocrx_word' id='word_1_91' title='bbox 547 2203 692 2267; x_wconf 89' lang='lat' dir='ltr'>lum</span> <span class='ocrx_word' id='word_1_92' title='bbox 728 2202 1054 2267; x_wconf 77' lang='lat' dir='ltr'>facientes,</span> <span class='ocrx_word' id='word_1_93' title='bbox 1084 2202 1293 2267; x_wconf 89' lang='lat' dir='ltr'>Pridie</span> <span class='ocrx_word' id='word_1_94' title='bbox 1336 2205 1478 2283; x_wconf 86' lang='lat' dir='ltr'>ejus</span> <span class='ocrx_word' id='word_1_95' title='bbox 1525 2202 1652 2265; x_wconf 89' lang='lat' dir='ltr'>diei</span> <span class='ocrx_word' id='word_1_96' title='bbox 1690 2220 1821 2284; x_wconf 93' lang='lat' dir='ltr'>quo</span> <span class='ocrx_word' id='word_1_97' title='bbox 1849 2200 2134 2283; x_wconf 73' lang='lat' dir='ltr'>synodus</span> <span class='ocrx_word' id='word_1_98' title='bbox 2164 2201 2531 2266; x_wconf 86' lang='lat' dir='ltr'>inchoanda</span> <span class='ocrx_word' id='word_1_99' title='bbox 2571 2203 2700 2266; x_wconf 86' lang='lat' dir='ltr'>erit</span> 
     </span>
     <span class='ocr_line' id='line_1_14' title="bbox 546 2317 2693 2400; baseline 0 -19"><span class='ocrx_word' id='word_1_100' title='bbox 546 2318 779 2383; x_wconf 89' lang='lat' dir='ltr'>debent</span> <span class='ocrx_word' id='word_1_101' title='bbox 825 2336 1154 2399; x_wconf 84' lang='lat' dir='ltr'>campanae</span> <span class='ocrx_word' id='word_1_102' title='bbox 1189 2318 1466 2382; x_wconf 83' lang='lat' dir='ltr'>ecclesiae</span> <span class='ocrx_word' id='word_1_103' title='bbox 1511 2317 1895 2381; x_wconf 85' lang='lat' dir='ltr'>cathedralis</span> <span class='ocrx_word' id='word_1_104' title='bbox 1936 2318 2348 2400; x_wconf 84' lang='lat' dir='ltr'>aliarumque</span> <span class='ocrx_word' id='word_1_105' title='bbox 2390 2319 2693 2382; x_wconf 83' lang='lat' dir='ltr'>ecclesia-</span> 
     </span>
     <span class='ocr_line' id='line_1_15' title="bbox 545 2433 2695 2514; baseline 0 -16"><span class='ocrx_word' id='word_1_106' title='bbox 545 2452 696 2498; x_wconf 88' lang='lat' dir='ltr'>rum</span> <span class='ocrx_word' id='word_1_107' title='bbox 720 2433 788 2497; x_wconf 91' lang='lat' dir='ltr'>in</span> <span class='ocrx_word' id='word_1_108' title='bbox 814 2434 1038 2497; x_wconf 88' lang='lat' dir='ltr'>eadem</span> <span class='ocrx_word' id='word_1_109' title='bbox 1061 2433 1315 2497; x_wconf 82' lang='lat' dir='ltr'>civitate</span> <span class='ocrx_word' id='word_1_110' title='bbox 1336 2433 1627 2506; x_wconf 81' lang='lat' dir='ltr'>sitarum,</span> <span class='ocrx_word' id='word_1_111' title='bbox 1651 2433 1927 2497; x_wconf 88' lang='lat' dir='ltr'>solemni</span> <span class='ocrx_word' id='word_1_112' title='bbox 1952 2433 2082 2495; x_wconf 83' lang='lat' dir='ltr'>ritu</span> <span class='ocrx_word' id='word_1_113' title='bbox 2103 2433 2377 2514; x_wconf 89' lang='lat' dir='ltr'>pulsari,</span> <span class='ocrx_word' id='word_1_114' title='bbox 2398 2452 2436 2496; x_wconf 90' lang='lat' dir='ltr'>a</span> <span class='ocrx_word' id='word_1_115' title='bbox 2460 2434 2695 2514; x_wconf 82' lang='lat' dir='ltr'>primis</span> 
     </span>
     <span class='ocr_line' id='line_1_16' title="bbox 546 2547 2692 2631; baseline 0.001 -22"><span class='ocrx_word' id='word_1_116' title='bbox 546 2549 828 2629; x_wconf 79' lang='lat' dir='ltr'>vesperis</span> <span class='ocrx_word' id='word_1_117' title='bbox 856 2568 969 2630; x_wconf 85' lang='lat' dir='ltr'>per</span> <span class='ocrx_word' id='word_1_118' title='bbox 1006 2550 1211 2612; x_wconf 88' lang='lat' dir='ltr'>totam</span> <span class='ocrx_word' id='word_1_119' title='bbox 1257 2548 1455 2626; x_wconf 88' lang='lat' dir='ltr'>diem,</span> <span class='ocrx_word' id='word_1_120' title='bbox 1484 2549 1548 2612; x_wconf 89' lang='lat' dir='ltr'>et</span> <span class='ocrx_word' id='word_1_121' title='bbox 1593 2547 1696 2612; x_wconf 86' lang='lat' dir='ltr'>die</span> <span class='ocrx_word' id='word_1_122' title='bbox 1751 2547 2046 2630; x_wconf 88' lang='lat' dir='ltr'>sequenti</span> <span class='ocrx_word' id='word_1_123' title='bbox 2089 2566 2440 2631; x_wconf 67' lang='lat' dir='ltr'>quousque</span> <span class='ocrx_word' id='word_1_124' title='bbox 2467 2550 2692 2615; x_wconf 86' lang='lat' dir='ltr'>Archi·-</span> 
     </span>
     <span class='ocr_line' id='line_1_17' title="bbox 547 2662 2691 2745; baseline 0.002 -20"><span class='ocrx_word' id='word_1_125' title='bbox 547 2662 881 2743; x_wconf 90' lang='lat' dir='ltr'>episcopus</span> <span class='ocrx_word' id='word_1_126' title='bbox 906 2663 1009 2725; x_wconf 83' lang='lat' dir='ltr'>vel</span> <span class='ocrx_word' id='word_1_127' title='bbox 1034 2663 1381 2744; x_wconf 87' lang='lat' dir='ltr'>Episcopus</span> <span class='ocrx_word' id='word_1_128' title='bbox 1412 2663 1742 2745; x_wconf 89' lang='lat' dir='ltr'>ingressus</span> <span class='ocrx_word' id='word_1_129' title='bbox 1783 2664 1980 2728; x_wconf 82' lang='lat' dir='ltr'>suerit</span> <span class='ocrx_word' id='word_1_130' title='bbox 2020 2664 2378 2729; x_wconf 87' lang='lat' dir='ltr'>ecclesiam.</span> <span class='ocrx_word' id='word_1_131' title='bbox 2423 2668 2563 2745; x_wconf 81' lang='lat' dir='ltr'>Ipsa</span> <span class='ocrx_word' id='word_1_132' title='bbox 2585 2663 2691 2730; x_wconf 70' lang='lat' dir='ltr'>die</span> 
     </span>
     <span class='ocr_line' id='line_1_18' title="bbox 548 2777 2700 2863; baseline 0.001 -22"><span class='ocrx_word' id='word_1_133' title='bbox 548 2777 980 2842; x_wconf 86' lang='lat' dir='ltr'>inchoationis</span> <span class='ocrx_word' id='word_1_134' title='bbox 1002 2778 1256 2842; x_wconf 90' lang='lat' dir='ltr'>concilii</span> <span class='ocrx_word' id='word_1_135' title='bbox 1285 2796 1546 2843; x_wconf 88' lang='lat' dir='ltr'>summo</span> <span class='ocrx_word' id='word_1_136' title='bbox 1574 2796 1789 2857; x_wconf 83' lang='lat' dir='ltr'>mane,</span> <span class='ocrx_word' id='word_1_137' title='bbox 1837 2779 2240 2862; x_wconf 85' lang='lat' dir='ltr'>congregatis</span> <span class='ocrx_word' id='word_1_138' title='bbox 2285 2779 2604 2863; x_wconf 87' lang='lat' dir='ltr'>Episcopis</span> <span class='ocrx_word' id='word_1_139' title='bbox 2630 2782 2700 2844; x_wconf 86' lang='lat' dir='ltr'>et</span> 
     </span>
     <span class='ocr_line' id='line_1_19' title="bbox 548 2894 2692 2979; baseline 0.002 -23"><span class='ocrx_word' id='word_1_140' title='bbox 548 2894 690 2958; x_wconf 88' lang='lat' dir='ltr'>aliis</span> <span class='ocrx_word' id='word_1_141' title='bbox 714 2894 826 2977; x_wconf 91' lang='lat' dir='ltr'>qui</span> <span class='ocrx_word' id='word_1_142' title='bbox 857 2894 1127 2958; x_wconf 90' lang='lat' dir='ltr'>concilio</span> <span class='ocrx_word' id='word_1_143' title='bbox 1173 2895 1476 2958; x_wconf 89' lang='lat' dir='ltr'>interesse</span> <span class='ocrx_word' id='word_1_144' title='bbox 1506 2894 1766 2973; x_wconf 89' lang='lat' dir='ltr'>debent,</span> <span class='ocrx_word' id='word_1_145' title='bbox 1797 2895 1869 2959; x_wconf 90' lang='lat' dir='ltr'>in</span> <span class='ocrx_word' id='word_1_146' title='bbox 1891 2894 2089 2960; x_wconf 85' lang='lat' dir='ltr'>domo</span> <span class='ocrx_word' id='word_1_147' title='bbox 2109 2896 2310 2976; x_wconf 90' lang='lat' dir='ltr'>ipsius</span> <span class='ocrx_word' id='word_1_148' title='bbox 2332 2894 2692 2979; x_wconf 89' lang='lat' dir='ltr'>Archiepis-</span> 
     </span>
     <span class='ocr_line' id='line_1_20' title="bbox 547 3008 2697 3094; baseline 0.001 -21"><span class='ocrx_word' id='word_1_149' title='bbox 547 3008 709 3089; x_wconf 89' lang='lat' dir='ltr'>copi,</span> <span class='ocrx_word' id='word_1_150' title='bbox 739 3011 842 3073; x_wconf 87' lang='lat' dir='ltr'>vel</span> <span class='ocrx_word' id='word_1_151' title='bbox 873 3009 997 3074; x_wconf 91' lang='lat' dir='ltr'>alio</span> <span class='ocrx_word' id='word_1_152' title='bbox 1026 3010 1440 3074; x_wconf 83' lang='lat' dir='ltr'>convenienti</span> <span class='ocrx_word' id='word_1_153' title='bbox 1468 3011 1632 3088; x_wconf 89' lang='lat' dir='ltr'>loc0,</span> <span class='ocrx_word' id='word_1_154' title='bbox 1675 3010 1965 3092; x_wconf 82' lang='lat' dir='ltr'>Episcopi</span> <span class='ocrx_word' id='word_1_155' title='bbox 1990 3011 2241 3093; x_wconf 86' lang='lat' dir='ltr'>capient</span> <span class='ocrx_word' id='word_1_156' title='bbox 2266 3030 2480 3076; x_wconf 90' lang='lat' dir='ltr'>sacros</span> <span class='ocrx_word' id='word_1_157' title='bbox 2506 3030 2697 3094; x_wconf 75' lang='lat' dir='ltr'>para-</span> 
     </span>
     <span class='ocr_line' id='line_1_21' title="bbox 547 3124 2691 3209; baseline 0.002 -23"><span class='ocrx_word' id='word_1_158' title='bbox 547 3125 678 3203; x_wconf 90' lang='lat' dir='ltr'>tus,</span> <span class='ocrx_word' id='word_1_159' title='bbox 729 3124 850 3189; x_wconf 88' lang='lat' dir='ltr'>hoc</span> <span class='ocrx_word' id='word_1_160' title='bbox 888 3126 982 3189; x_wconf 90' lang='lat' dir='ltr'>est</span> <span class='ocrx_word' id='word_1_161' title='bbox 1035 3144 1229 3206; x_wconf 91' lang='lat' dir='ltr'>supra</span> <span class='ocrx_word' id='word_1_162' title='bbox 1279 3125 1617 3190; x_wconf 89' lang='lat' dir='ltr'>rochetum</span> <span class='ocrx_word' id='word_1_163' title='bbox 1668 3126 1970 3205; x_wconf 86' lang='lat' dir='ltr'>amictus,</span> <span class='ocrx_word' id='word_1_164' title='bbox 2017 3127 2326 3209; x_wconf 82' lang='lat' dir='ltr'>pluvialia</span> <span class='ocrx_word' id='word_1_165' title='bbox 2370 3130 2435 3192; x_wconf 92' lang='lat' dir='ltr'>et</span> <span class='ocrx_word' id='word_1_166' title='bbox 2463 3128 2691 3191; x_wconf 82' lang='lat' dir='ltr'>mitras</span> 
     </span>
     <span class='ocr_line' id='line_1_22' title="bbox 548 3240 2692 3324; baseline 0.002 -22"><span class='ocrx_word' id='word_1_167' title='bbox 548 3240 1069 3322; x_wconf 75' lang='lat' dir='ltr'>auriphrygiatas</span> <span class='ocrx_word' id='word_1_168' title='bbox 1097 3242 1460 3306; x_wconf 87' lang='lat' dir='ltr'>uniformes</span> <span class='ocrx_word' id='word_1_169' title='bbox 1476 3261 1497 3322; x_wconf 92' lang='lat'>;</span> <span class='ocrx_word' id='word_1_170' title='bbox 1530 3242 2064 3324; x_wconf 86' lang='lat' dir='ltr'>Archiepiscopus</span> <span class='ocrx_word' id='word_1_171' title='bbox 2090 3262 2245 3307; x_wconf 84' lang='lat' dir='ltr'>vero</span> <span class='ocrx_word' id='word_1_172' title='bbox 2273 3242 2503 3307; x_wconf 83' lang='lat' dir='ltr'>concili</span> <span class='ocrx_word' id='word_1_173' title='bbox 2533 3261 2692 3324; x_wconf 82' lang='lat' dir='ltr'>prae·</span> 
     </span>
     <span class='ocr_line' id='line_1_23' title="bbox 552 3356 2694 3441; baseline 0.001 -22"><span class='ocrx_word' id='word_1_174' title='bbox 552 3356 768 3419; x_wconf 90' lang='lat' dir='ltr'>sidens</span> <span class='ocrx_word' id='word_1_175' title='bbox 790 3356 1056 3419; x_wconf 88' lang='lat' dir='ltr'>indutus</span> <span class='ocrx_word' id='word_1_176' title='bbox 1085 3357 1209 3420; x_wconf 89' lang='lat' dir='ltr'>erit</span> <span class='ocrx_word' id='word_1_177' title='bbox 1240 3357 1508 3434; x_wconf 90' lang='lat' dir='ltr'>amictu,</span> <span class='ocrx_word' id='word_1_178' title='bbox 1536 3358 1704 3432; x_wconf 85' lang='lat' dir='ltr'>alba,</span> <span class='ocrx_word' id='word_1_179' title='bbox 1738 3357 2025 3441; x_wconf 88' lang='lat' dir='ltr'>cingu10,</span> <span class='ocrx_word' id='word_1_180' title='bbox 2058 3359 2219 3421; x_wconf 90' lang='lat' dir='ltr'>stola</span> <span class='ocrx_word' id='word_1_181' title='bbox 2240 3359 2307 3422; x_wconf 90' lang='lat' dir='ltr'>et</span> <span class='ocrx_word' id='word_1_182' title='bbox 2325 3357 2519 3421; x_wconf 88' lang='lat' dir='ltr'>mitra</span> <span class='ocrx_word' id='word_1_183' title='bbox 2550 3376 2694 3440; x_wconf 80' lang='lat' dir='ltr'>pre-</span> 
     </span>
     <span class='ocr_line' id='line_1_24' title="bbox 546 3471 2692 3555; baseline 0.003 -22"><span class='ocrx_word' id='word_1_184' title='bbox 546 3471 706 3535; x_wconf 91' lang='lat' dir='ltr'>tiosa</span> <span class='ocrx_word' id='word_1_185' title='bbox 736 3471 1039 3534; x_wconf 89' lang='lat' dir='ltr'>:abbates</span> <span class='ocrx_word' id='word_1_186' title='bbox 1080 3473 1395 3537; x_wconf 89' lang='lat' dir='ltr'>benedicti</span> <span class='ocrx_word' id='word_1_187' title='bbox 1440 3473 1682 3555; x_wconf 87' lang='lat' dir='ltr'>pariter</span> <span class='ocrx_word' id='word_1_188' title='bbox 1711 3492 1859 3536; x_wconf 92' lang='lat' dir='ltr'>cum</span> <span class='ocrx_word' id='word_1_189' title='bbox 1910 3472 2307 3554; x_wconf 85' lang='lat' dir='ltr'>pluvialibus</span> <span class='ocrx_word' id='word_1_190' title='bbox 2361 3474 2426 3536; x_wconf 85' lang='lat' dir='ltr'>et</span> <span class='ocrx_word' id='word_1_191' title='bbox 2472 3473 2692 3539; x_wconf 81' lang='lat' dir='ltr'>mitris</span> 
     </span>
     <span class='ocr_line' id='line_1_25' title="bbox 546 3585 2694 3669; baseline 0.002 -21"><span class='ocrx_word' id='word_1_192' title='bbox 546 3585 946 3667; x_wconf 90' lang='lat' dir='ltr'>simplicibus</span> <span class='ocrx_word' id='word_1_193' title='bbox 957 3611 974 3666; x_wconf 82' lang='lat'><em>3</em></span> <span class='ocrx_word' id='word_1_194' title='bbox 1019 3585 1386 3668; x_wconf 82' lang='lat' dir='ltr'>dignitates,</span> <span class='ocrx_word' id='word_1_195' title='bbox 1418 3590 1483 3651; x_wconf 86' lang='lat' dir='ltr'>et</span> <span class='ocrx_word' id='word_1_196' title='bbox 1515 3588 1805 3652; x_wconf 90' lang='lat' dir='ltr'>canonici</span> <span class='ocrx_word' id='word_1_197' title='bbox 1850 3587 2268 3669; x_wconf 76' lang='lat' dir='ltr'>pluvialibusi,</span> <span class='ocrx_word' id='word_1_198' title='bbox 2315 3587 2591 3668; x_wconf 90' lang='lat' dir='ltr'>planetis</span> <span class='ocrx_word' id='word_1_199' title='bbox 2626 3590 2694 3652; x_wconf 84' lang='lat' dir='ltr'>et</span> 
     </span>
     <span class='ocr_line' id='line_1_26' title="bbox 547 3700 2684 3785; baseline 0.001 -22"><span class='ocrx_word' id='word_1_200' title='bbox 547 3700 905 3765; x_wconf 87' lang='lat' dir='ltr'>dalmaticis</span> <span class='ocrx_word' id='word_1_201' title='bbox 933 3721 1049 3784; x_wconf 84' lang='lat' dir='ltr'>pro</span> <span class='ocrx_word' id='word_1_202' title='bbox 1077 3704 1382 3785; x_wconf 86' lang='lat' dir='ltr'>qualitate</span> <span class='ocrx_word' id='word_1_203' title='bbox 1436 3703 1686 3766; x_wconf 89' lang='lat' dir='ltr'>ordinis</span> <span class='ocrx_word' id='word_1_204' title='bbox 1736 3721 1994 3782; x_wconf 89' lang='lat' dir='ltr'>eorum,</span> <span class='ocrx_word' id='word_1_205' title='bbox 2035 3704 2110 3765; x_wconf 91' lang='lat' dir='ltr'>ut</span> <span class='ocrx_word' id='word_1_206' title='bbox 2139 3702 2387 3766; x_wconf 90' lang='lat' dir='ltr'>dictum</span> <span class='ocrx_word' id='word_1_207' title='bbox 2438 3703 2566 3766; x_wconf 84' lang='lat' dir='ltr'>fuit</span> <span class='ocrx_word' id='word_1_208' title='bbox 2612 3702 2684 3765; x_wconf 89' lang='lat' dir='ltr'>in</span> 
     </span>
     <span class='ocr_line' id='line_1_27' title="bbox 546 3817 2691 3900; baseline 0 -20"><span class='ocrx_word' id='word_1_209' title='bbox 546 3817 821 3899; x_wconf 88' lang='lat' dir='ltr'>capitulo</span> <span class='ocrx_word' id='word_1_210' title='bbox 848 3819 919 3881; x_wconf 85' lang='lat' dir='ltr'>de</span> <span class='ocrx_word' id='word_1_211' title='bbox 952 3819 1197 3883; x_wconf 84' lang='lat' dir='ltr'>Habitu</span> <span class='ocrx_word' id='word_1_212' title='bbox 1226 3819 1514 3900; x_wconf 79' lang='lat' dir='ltr'>Episcopi</span> <span class='ocrx_word' id='word_1_213' title='bbox 1559 3827 1614 3881; x_wconf 82' lang='lat' dir='ltr'>et</span> <span class='ocrx_word' id='word_1_214' title='bbox 1642 3819 2091 3882; x_wconf 76' lang='lat' dir='ltr'>canonicorum</span> <span class='ocrx_word' id='word_1_215' title='bbox 2117 3818 2202 3881; x_wconf 77' lang='lat' dir='ltr'>ad</span> <span class='ocrx_word' id='word_1_216' title='bbox 2223 3836 2357 3882; x_wconf 81' lang='lat' dir='ltr'>rem</span> <span class='ocrx_word' id='word_1_217' title='bbox 2403 3818 2691 3882; x_wconf 74' lang='lat' dir='ltr'>divinam</span> 
     </span>
     <span class='ocr_line' id='line_1_28' title="bbox 535 3933 2694 4012; baseline 0 -16"><span class='ocrx_word' id='word_1_218' title='bbox 535 3934 1023 4012; x_wconf 76' lang='lat' dir='ltr'>procedentium.</span> <span class='ocrx_word' id='word_1_219' title='bbox 1070 3935 1448 3998; x_wconf 88' lang='lat' dir='ltr'>Paramenta</span> <span class='ocrx_word' id='word_1_220' title='bbox 1480 3933 1702 3998; x_wconf 90' lang='lat' dir='ltr'>omnia</span> <span class='ocrx_word' id='word_1_221' title='bbox 1732 3935 1927 3997; x_wconf 89' lang='lat' dir='ltr'>erunt</span> <span class='ocrx_word' id='word_1_222' title='bbox 1952 3933 2182 3997; x_wconf 91' lang='lat' dir='ltr'>coloris</span> <span class='ocrx_word' id='word_1_223' title='bbox 2233 3933 2439 3997; x_wconf 87' lang='lat' dir='ltr'>rubri.</span> <span class='ocrx_word' id='word_1_224' title='bbox 2495 3934 2694 3998; x_wconf 84' lang='lat' dir='ltr'>Ibunt</span> 
     </span>
     <span class='ocr_line' id='line_1_29' title="bbox 548 4048 2681 4131; baseline 0.002 -22"><span class='ocrx_word' id='word_1_225' title='bbox 548 4049 764 4110; x_wconf 88' lang='lat' dir='ltr'>autem</span> <span class='ocrx_word' id='word_1_226' title='bbox 796 4066 1021 4112; x_wconf 88' lang='lat' dir='ltr'>omnes</span> <span class='ocrx_word' id='word_1_227' title='bbox 1064 4049 1516 4130; x_wconf 80' lang='lat' dir='ltr'>supplicanteS,</span> <span class='ocrx_word' id='word_1_228' title='bbox 1545 4049 2018 4131; x_wconf 87' lang='lat' dir='ltr'>psallentesque</span> <span class='ocrx_word' id='word_1_229' title='bbox 2045 4048 2504 4130; x_wconf 87' lang='lat' dir='ltr'>processionali</span> <span class='ocrx_word' id='word_1_230' title='bbox 2550 4049 2681 4113; x_wconf 88' lang='lat' dir='ltr'>ritu</span> 
     </span>
     <span class='ocr_line' id='line_1_30' title="bbox 547 4162 2686 4247; baseline 0.002 -23"><span class='ocrx_word' id='word_1_231' title='bbox 547 4163 740 4242; x_wconf 89' lang='lat' dir='ltr'>prout</span> <span class='ocrx_word' id='word_1_232' title='bbox 777 4162 847 4225; x_wconf 87' lang='lat' dir='ltr'>in</span> <span class='ocrx_word' id='word_1_233' title='bbox 879 4164 1425 4244; x_wconf 84' lang='lat' dir='ltr'>processionibus,</span> <span class='ocrx_word' id='word_1_234' title='bbox 1454 4181 1600 4247; x_wconf 84' lang='lat' dir='ltr'>quae</span> <span class='ocrx_word' id='word_1_235' title='bbox 1619 4164 1862 4228; x_wconf 82' lang='lat' dir='ltr'>litaniae</span> <span class='ocrx_word' id='word_1_236' title='bbox 1886 4163 2218 4240; x_wconf 87' lang='lat' dir='ltr'>dicuntur,</span> <span class='ocrx_word' id='word_1_237' title='bbox 2270 4165 2347 4228; x_wconf 83' lang='lat' dir='ltr'>ut</span> <span class='ocrx_word' id='word_1_238' title='bbox 2374 4183 2492 4228; x_wconf 92' lang='lat' dir='ltr'>suo</span> <span class='ocrx_word' id='word_1_239' title='bbox 2544 4165 2686 4228; x_wconf 89' lang='lat' dir='ltr'>loco</span> 
     </span>
     <span class='ocr_line' id='line_1_31' title="bbox 549 4276 2683 4361; baseline 0.002 -23"><span class='ocrx_word' id='word_1_240' title='bbox 549 4276 807 4355; x_wconf 85' lang='lat' dir='ltr'>dicitur,</span> <span class='ocrx_word' id='word_1_241' title='bbox 828 4279 1158 4359; x_wconf 88' lang='lat' dir='ltr'>campanis</span> <span class='ocrx_word' id='word_1_242' title='bbox 1189 4280 1253 4343; x_wconf 85' lang='lat' dir='ltr'>et</span> <span class='ocrx_word' id='word_1_243' title='bbox 1277 4297 1523 4361; x_wconf 90' lang='lat' dir='ltr'>organo</span> <span class='ocrx_word' id='word_1_244' title='bbox 1541 4278 1611 4342; x_wconf 92' lang='lat' dir='ltr'>in</span> <span class='ocrx_word' id='word_1_245' title='bbox 1638 4279 1904 4343; x_wconf 87' lang='lat' dir='ltr'>ecclesia</span> <span class='ocrx_word' id='word_1_246' title='bbox 1917 4279 2227 4344; x_wconf 81' lang='lat' dir='ltr'>continuo</span> <span class='ocrx_word' id='word_1_247' title='bbox 2243 4278 2683 4360; x_wconf 58' lang='lat' dir='ltr'>pulsantibu&amp;</span> 
     </span>
     <span class='ocr_line' id='line_1_32' title="bbox 546 4392 2677 4485; baseline 0.001 -31"><span class='ocrx_word' id='word_1_248' title='bbox 546 4392 789 4470; x_wconf 89' lang='lat' dir='ltr'>Quibus</span> <span class='ocrx_word' id='word_1_249' title='bbox 813 4393 1121 4457; x_wconf 90' lang='lat' dir='ltr'>omnibus</span> <span class='ocrx_word' id='word_1_250' title='bbox 1162 4395 1499 4458; x_wconf 88' lang='lat' dir='ltr'>ecclesiam</span> <span class='ocrx_word' id='word_1_251' title='bbox 1548 4394 1895 4485; x_wconf 24' lang='lat' dir='ltr'>in-gressiS,</span> <span class='ocrx_word' id='word_1_252' title='bbox 1937 4396 2002 4459; x_wconf 89' lang='lat' dir='ltr'>et</span> <span class='ocrx_word' id='word_1_253' title='bbox 2039 4395 2309 4459; x_wconf 87' lang='lat' dir='ltr'>ostensis</span> <span class='ocrx_word' id='word_1_254' title='bbox 2351 4394 2404 4458; x_wconf 91' lang='lat' dir='ltr'>si</span> <span class='ocrx_word' id='word_1_255' title='bbox 2461 4396 2677 4458; x_wconf 84' lang='lat' dir='ltr'>osten·</span> 
     </span>
     <span class='ocr_line' id='line_1_33' title="bbox 545 4505 2675 4592; baseline 0 -21"><span class='ocrx_word' id='word_1_256' title='bbox 545 4505 776 4571; x_wconf 85' lang='lat' dir='ltr'>dendae</span> <span class='ocrx_word' id='word_1_257' title='bbox 799 4509 995 4571; x_wconf 88' lang='lat' dir='ltr'>erunt</span> <span class='ocrx_word' id='word_1_258' title='bbox 1048 4507 1367 4591; x_wconf 90' lang='lat' dir='ltr'>reliquiis,</span> <span class='ocrx_word' id='word_1_259' title='bbox 1395 4510 1764 4574; x_wconf 84' lang='lat' dir='ltr'>cantabitur</span> <span class='ocrx_word' id='word_1_260' title='bbox 1793 4511 1993 4575; x_wconf 89' lang='lat' dir='ltr'>missa</span> <span class='ocrx_word' id='word_1_261' title='bbox 2034 4510 2115 4575; x_wconf 91' lang='lat' dir='ltr'>de</span> <span class='ocrx_word' id='word_1_262' title='bbox 2161 4510 2402 4592; x_wconf 90' lang='lat' dir='ltr'>Spiritu</span> <span class='ocrx_word' id='word_1_263' title='bbox 2447 4510 2675 4575; x_wconf 87' lang='lat' dir='ltr'>Sancto</span> 
     </span>
    </p>
   </div>
   <div class='ocr_carea' id='block_1_3' title="bbox 3001 1509 3004 2570">
    <p class='ocr_par' dir='ltr' id='par_1_3' title="bbox 3001 1509 3004 2570">
     <span class='ocr_line' id='line_1_34' title="bbox 3001 1509 3004 2570; baseline 0 0"><span class='ocrx_word' id='word_1_264' title='bbox 3001 1509 3004 2570; x_wconf 95' lang='lat' dir='ltr'> </span> 
     </span>
    </p>
   </div>
   <div class='ocr_carea' id='block_1_4' title="bbox 3002 2890 3003 3469">
    <p class='ocr_par' dir='ltr' id='par_1_4' title="bbox 3002 2890 3003 3469">
     <span class='ocr_line' id='line_1_35' title="bbox 3002 2890 3003 3469; baseline 0 0"><span class='ocrx_word' id='word_1_265' title='bbox 3002 2890 3003 3469; x_wconf 95' lang='lat' dir='ltr'> </span> 
     </span>
    </p>
   </div>
   <div class='ocr_carea' id='block_1_5' title="bbox 3001 4230 3005 5069">
    <p class='ocr_par' dir='ltr' id='par_1_5' title="bbox 3001 4230 3005 5069">
     <span class='ocr_line' id='line_1_36' title="bbox 3001 4230 3005 5069; baseline 0 0"><span class='ocrx_word' id='word_1_266' title='bbox 3001 4230 3005 5069; x_wconf 95' lang='lat' dir='ltr'> </span> 
     </span>
    </p>
   </div>
  </div>
 </body>
</html>
