3038 5623
412 775 718 823 coneum.
773 779 983 833 mov,
1026 779 1163 827 PAR
1211 779 1538 828 RAPPon‘r
1584 782 1680 829 An
1735 769 2198 837 snm-suia.
2305 769 2447 854 269

319 935 350 975 n
380 914 734 998 deposition
779 919 890 985 des
930 911 1217 1005 Eveques
1261 926 1477 989 rentre
1525 925 1687 990 dans
1729 928 1793 991 13
1841 927 2056 995 meme
2103 930 2441 1015 categorie.

319 1051 351 1092 x>
380 1040 440 1095 4⁰
463 1035 515 1098 11
542 1034 685 1098 faut
725 1054 768 1119 y
808 1038 1234 1120 comprendre
1276 1042 1448 1105 aussi
1495 1042 1588 1107 les
1629 1060 1850 1108 causes
1893 1044 2008 1127 qui
2052 1052 2446 1114 concernent

315 1170 348 1210 »
377 1149 465 1212 les
494 1150 814 1233 mariages
841 1156 906 1217 et
937 1153 1030 1218 les
1066 1154 1354 1221 divorccs
1381 1156 1494 1221 des
1533 1157 1666 1223 rois
1682 1206 1702 1237 ‚
1742 1160 1993 1238 Quarta
2019 1178 2209 1226 causa
2233 1164 2445 1246 major

317 1287 346 1325 n
378 1275 518 1329 sunt
554 1254 919 1350 conjuqdlia
957 1288 1172 1352 rcqum
1209 1273 1560 1339 divortia...
1603 1283 1665 1337 δ’
1706 1274 2198 1341 Generalement
2237 1279 2443 1345 toutcs

317 1383 466 1446 »les
506 1384 761 1449 affaires
799 1385 1140 1452 douteuses
1182 1407 1267 1454 ou
1312 1388 1607 1454 difficiles
1652 1408 1670 1453 ε
1718 1408 1848 1454 non
1892 1393 2093 1455 solum
2134 1393 2436 1477 majores,

314 1519 344 1558 n
372 1499 475 1563 sed
500 1502 685 1565 ctiam
717 1505 962 1585 quasvis
991 1504 1212 1569 dubias
1241 1515 1354 1593 auc
1386 1506 1667 1589 difficiles
1705 1524 1926 1572 causas
1965 1510 2165 1574 omnis
2202 1529 2440 1594 semper

311 1640 338 1674 n
376 1618 797 1700 Metropolim,
820 1621 1195 1686 Patriarcha
1211 1630 1397 1705 alque
1419 1623 1693 1704 synodus
1719 1623 2058 1691 debuerunt
2070 1628 2374 1709 referre...
2397 1652 2431 1690 υ

314 1732 407 1815 (Τ.
433 1737 512 1812 V,
544 1753 606 1816 p.
642 1742 792 1814 338,
829 1743 889 1798 2·
910 1738 1069 1818 col.;
1096 1736 1249 1802 edit.
1284 1738 1363 1802 de
1385 1739 1650 1818 Venise,
1681 1744 1886 1821 1725.)

384 1854 469 1915 La
496 1850 866 1917 distinction
898 1852 1151 1919 d'Ellies
1189 1855 1400 1937 Dupin
1425 1858 1609 1920 entre
1638 1857 1730 1921 les
1757 1875 1978 1923 causes
2016 1860 2339 1941 maieures
2370 1863 2436 1925 et

306 1965 630 2032 moindres
677 1970 774 2033 est
820 1969 988 2034 ainsi
1039 1969 1333 2035 resumee
1385 1971 1547 2037 dans
1589 1972 1655 2036 la
1696 1973 1940 2055 grande
1987 1974 2434 2060 Bibliotheque

306 2084 666 2165 pontificale
695 2104 712 2149 ε
1703 2152 1709 2159 .

379 2200 485 2265 Ait
520 2201 745 2267 doctor
781 2202 891 2268 ille
934 2202 1304 2269 Parisiensis
1351 2227 1381 2265 (ι
1418 2205 1619 2269 solere
1660 2204 1893 2287 duplex
1930 2204 2246 2288 distingui
2275 2225 2429 2271 cau-

300 2339 331 2377 »
367 2335 588 2382 sarum
638 2337 880 2401 genus,
932 2338 1214 2403 quarum
1260 2321 1404 2386 aliae
1448 2324 1761 2403 maiores,
1806 2322 1947 2387 aliae
1995 2322 2282 2388 minores
2328 2323 2428 2388 di-

299 2456 327 2493 »
364 2436 616 2499 cantur.
644 2438 918 2517 Majores
943 2455 1081 2530 esse
1110 2438 1253 2503 illas
1274 2457 1419 2522 quae
1442 2438 1546 2504 vel
1575 2438 1914 2520 Episcopos
1934 2440 2038 2503 vel
2064 2440 2430 2522 graviorem

293 2571 324 2609 υ
359 2550 647 2634 aliquam
677 2552 1081 2634 disciplinam
1113 2554 1465 2637 respiciunt
1501 2573 1519 2619 ε
1567 2554 1851 2619 minores
1874 2573 2027 2619 vero
2056 2554 2182 2619 dici
2219 2573 2326 2620 eas
2355 2555 2427 2620 in

294 2686 330 2728 ν»
360 2668 596 2749 quibus
620 2668 837 2751 agitur
859 2668 938 2733 de
966 2671 1492 2753 presbyterorum
1522 2672 1585 2736 et
1611 2670 1990 2735 clericorum
2016 2671 2294 2753 judicio,
2325 2671 2428 2736 vel

293 2805 324 2843 ι)
358 2783 436 2849 (13
460 2784 685 2850 leviori
716 2785 931 2870 aliquo
964 2786 1317 2870 disciplinae
1340 2787 1545 2870 capite
1569 2786 1888 2870 privatam
1918 2786 2203 2871 aliquam
2233 2787 2428 2852 eccle-

288 2922 324 2962 »
355 2901 519 2966 siam
561 2904 971 2985 tangente.»
1015 2903 1212 2983 (Bibl.
1259 2904 1544 2968 maxima
1596 2907 1804 2986 pont„
1857 2906 1904 2969 t.
1953 2908 2096 2983 VH,
2145 2923 2208 2986 p.
2255 2906 2422 2983 280.)

289 3019 455 3083 Cette
480 3019 785 3100 partition
819 3020 982 3084 n'est
1012 3037 1126 3101 pas
1152 3019 1718 3101 rigoureusement
1744 3017 1994 3099 exacte,
2027 3019 2298 3103 puisque
2330 3019 2422 3083 les

284 3151 506 3198 causes
535 3134 645 3198 des
674 3135 935 3217 simples
957 3135 1156 3199 clercs
1185 3137 1249 3200 et
1274 3135 1489 3200 meme
1519 3135 1629 3199 des
1656 3136 1904 3219 laiques
1931 3136 2076 3199 sont
2104 3134 2416 3218 quelque-

282 3249 403 3313 fois
425 3252 775 3333 maJeures.

360 3370 443 3432 Le
466 3368 798 3431 canonista
819 3368 1099 3432 Barbosa
1130 3386 1169 3432 a
1196 3368 1310 3432 fait
1335 3367 1499 3432 ainsi
1530 3363 2029 3431 l'enumeration
2059 3365 2170 3430 des
2195 3384 2416 3432 causes

275 3484 605 3564 majeurcs
644 3501 770 3566 que
811 3483 872 3546 13
916 3466 1307 3565 saint-siege
1355 3483 1494 3548 seul
1545 3483 1699 3565 peut
1747 3480 2000 3546 decider
2048 3499 2065 3544 ε
2118 3504 2148 3542 ε(
2199 3485 2417 3547 Causae

271 3616 507 3664 omnes
536 3601 819 3680 maiores
842 3599 923 3663 ad
950 3599 1175 3664 Sedem
1200 3599 1614 3681 apostolicam
1639 3598 2014 3662 referuntur
2044 3599 2202 3679 (cap.
2247 3605 2307 3676 1,
2338 3597 2418 3661 de

267 3718 532 3779 Juram.
576 3750 653 3763 —
690 3721 835 3799 Cap.
870 3718 1179 3798 maiores,
1215 3715 1293 3780 de
1331 3714 1680 3797 Baptismo.
1721 3748 1800 3759 —-
1838 3715 1904 3776 C.
1954 3720 2015 3789 1,
2054 3711 2132 3775 de
2159 3712 2413 3776 Transl.

264 3831 505 3913 episc.)
524 3850 544 3913 ;
601 3851 795 3914 porro
844 3850 1054 3897 causae
1110 3833 1388 3914 majores
1436 3831 1785 3896 censentur
1830 3827 2214 3911 quaestiones
2268 3846 2414 3911 quae

263 3948 569 4030 spectant
596 3947 675 4011 ad
700 3947 1004 4012 articulos
1028 3947 1178 4012 fidei
1209 3945 1663 4030 intelligendos
1683 3993 1702 4022 ,
1735 3944 1814 4008 ad
1845 3943 2188 4008 canonicos
2216 3943 2416 4008 libros

258 4061 766 4143 discernendos,
793 4063 872 4127 ad
898 4082 1162 4127 sensum
1195 4079 1526 4127 sacrarum
1551 4060 1918 4125 litterarum
1952 4058 2413 4124 declarandum

257 4178 929 4261 approbandumque,
962 4177 1037 4242 ad
1070 4177 1554 4261 interpretanda
1577 4194 1723 4259 quae
1752 4175 1946 4240 dubia
1965 4177 2122 4240 sunt
2148 4177 2251 4241 vel
2273 4177 2410 4240 obs·

254 4312 438 4360 cura
462 4292 530 4356 in
562 4293 991 4359 controversis
1013 4293 1186 4372 fidei,
1215 4294 1451 4375 injure
1479 4291 1788 4357 canonico
1822 4293 1928 4355 vel
1964 4291 2221 4372 divino,
2254 4292 2414 4357 item

252 4411 344 4477 ad
387 4409 862 4475 declarandum
891 4430 1033 4494 quae
1063 4392 1143 4474 ad
1175 4410 1573 4474 sacramenta
1603 4406 1953 4489 pertinent,
1995 4408 2287 4472 videlicet
2332 4406 2411 4471 ad

251 4525 649 4607 materiam,
675 4528 952 4591 formam
985 4528 1049 4592 et
1077 4525 1479 4604 ministrum,
1506 4526 1571 4588 et
1597 4522 1721 4588 alia
1752 4521 2154 4605 hujusmodi.
2199 4522 2416 4605 (Juxta
