3038 5623
657 804 796 872 456
1340 804 1759 882 QUATRIizME
1819 822 2096 868 marm.

734 967 910 1031 Voici
940 966 1275 1030 comment
1303 966 1644 1046 s'exprime
1684 965 1948 1029 Gratien
1980 963 2143 1029 dans
2170 965 2234 1028 la
2262 972 2321 1027 3ο
2363 964 2770 1027 distinction:

660 1107 691 1145 α
721 1082 1155 1147 Ecclesiastica
1183 1081 1552 1145 constitutio
1590 1080 1857 1145 canonis
1884 1079 2152 1144 nomine
2179 1081 2548 1144 censetur...
2595 1084 2776 1143 Porro

650 1221 682 1258 1>
717 1214 1047 1261 canonum
1077 1195 1187 1259 alii
1231 1196 1386 1259 sunt
1410 1194 1665 1260 decreta
1686 1195 2099 1272 Pontificum,
2129 1195 2238 1259 alii
2290 1196 2524 1259 statuta
2570 1193 2778 1257 conci-

647 1334 679 1371 »
715 1313 979 1376 llorum.
1016 1309 1448 1374 conciliorum
1475 1328 1633 1374 vero
1665 1310 1790 1373 alia
1837 1311 1989 1373 sunt
2027 1309 2447 1387 universalia,
2478 1309 2605 1373 alia
2637 1327 2776 1389 pro·

647 1452 678 1487 »
717 1426 1044 1490 vincialia.
1073 1424 1573 1489 provincialium
1604 1425 1728 1488 alia
1770 1425 2185 1489 celebrantur
2213 1424 2593 1488 auctoritate
2623 1428 2776 1486 Pon-

644 1564 677 1601 »
712 1542 903 1605 tificis
939 1540 1240 1618 Romani,
1267 1542 1581 1621 praesente
1608 1539 1906 1605 videlicet
1947 1542 2181 1621 Legato
2220 1541 2455 1603 sanctae
2487 1543 2782 1603 Romanae

642 1679 679 1718 »
705 1656 1021 1733 Ecclesiae,
1069 1655 1197 1718 alia
1232 1672 1390 1718 vero
1418 1655 1796 1719 auctoritate
1824 1655 2376 1733 patriarcharum,
2413 1655 2512 1717 vel
2538 1653 2778 1717 Prima-

644 1794 680 1832 »
712 1772 882 1849 turn,
912 1770 1019 1834 vel
1045 1770 1682 1851 Metropolitanorum
1730 1770 2021 1851 ejusdem
2063 1770 2432 1851 provinciae.
2467 1773 2617 1833 Haec
2645 1767 2780 1851 qui-

644 1907 680 1946 »
710 1884 862 1949 dem
904 1885 984 1948 de
1023 1885 1433 1966 generalibus
1457 1885 1704 1966 regulis
1746 1884 2168 1968 intelligenda
2197 1885 2374 1950 sunt.
2400 1907 2431 1945 »

726 2001 776 2064 11
796 2000 1191 2079 semblerait,
1215 2001 1462 2082 d'apres
1480 2019 1553 2064 ce
1580 2003 1768 2078 texte,
1797 2000 1957 2082 qu'il
1975 2018 2013 2064 a
2042 1999 2140 2064 ete
2166 2019 2323 2075 recu
2346 2000 2425 2064 de
2449 2000 2702 2064 donner
2727 1999 2785 2062 le

646 2135 803 2181 nom
839 2115 920 2180 de
965 2134 1193 2181 canons
1229 2116 1761 2181 non-seulement
1803 2133 1930 2179 aux
1955 2115 2203 2181 decrets
2256 2116 2366 2180 des
2418 2116 2786 2180 souverains

645 2232 923 2297 Pontifes
940 2235 1003 2296 et
1026 2232 1138 2296 des
1166 2232 1443 2296 conciles
1459 2230 1807 2313 generauit,
1839 2230 2004 2294 mais
2026 2249 2259 2296 encore
2281 2249 2409 2295 aux
2436 2233 2666 2295 statuis
2687 2229 2790 2293 dcs

648 2349 924 2413 concites
970 2347 1409 2429 provinciaux.
1450 2347 1751 2410 D'autant
1778 2346 1924 2426 plus
1950 2363 2078 2427 que
2105 2347 2169 2410 la
2213 2348 2393 2429 glose
2446 2361 2793 2410 commune

652 2481 766 2527 sur
790 2464 851 2527 le
879 2463 1437 2527 commencement
1465 2460 1545 2525 de
1572 2461 1637 2524 la
1683 2468 1782 2523 18⁸
1810 2460 2186 2525 distinction
2230 2462 2475 2525 semble
2512 2477 2795 2542 appuyer

652 2596 725 2642 ce
747 2577 1096 2642 sentiment
1121 2596 1137 2640 :
1169 2599 1200 2637 α
1218 2576 1504 2658 Episcopi
1532 2577 1696 2640 bene
1724 2576 1994 2657 possunt
2014 2576 2288 2641 condere
2311 2593 2593 2640 canones
2639 2574 2797 2656 epis·

652 2713 685 2751 ι)
720 2693 992 2772 copaleS,
1035 2693 1100 2755 et
1127 2690 1658 2771 Archiepiscopus
1697 2691 2147 2771 provincialeS,
2185 2691 2340 2772 qnia
2387 2690 2667 2772 quilibet
2693 2706 2797 2770 ρο·

649 2828 682 2866 1>
718 2807 911 2888 pulus
934 2806 999 2870 et
1020 2804 1322 2888 quaelibet
1347 2804 1611 2870 ecclesia
1634 2804 1755 2869 sibi
1781 2807 1980 2888 potest
2004 2807 2285 2871 statuere
2313 2804 2573 2888 aliquod
2593 2807 2728 2887 Jus.
2760 2824 2793 2863 »

650 2921 909 2985 D'autre
972 2929 1139 3001 part,
1182 2937 1278 2983 un
1333 2919 1443 2983 des
1489 2921 1636 3000 plus
1691 2920 1971 2986 celebres
2020 2921 2407 3000 canonisteS,
2458 2919 2674 2984 l’abbe
2722 2918 2797 2982 de

649 3038 963 3113 Palerme,
1008 3055 1090 3100 en
1131 3037 1578 3100 commentant
1618 3036 1680 3100 le
1726 3036 2016 3118 chapitre
2072 3040 2398 3103 canonum
2457 3035 2530 3100 de
2571 3033 2801 3100 consti·

647 3152 1014 3229 talionibus,
1038 3150 1135 3214 dit
1163 3169 1310 3215 sans
1339 3152 1706 3215 restriction
1736 3171 1753 3215 ε
1793 3174 1825 3213 (ι
1848 3153 2289 3234 Appellatione
2317 3151 2589 3216 canonis
2617 3150 2796 3216 venit

643 3293 675 3326 n
713 3268 913 3332 omnis
946 3267 1318 3331 constitutio
1366 3267 1810 3332 ecclesiastica.
1839 3289 1870 3328 ›>

723 3382 1118 3446 Neanmoins
1140 3386 1430 3463 Fagnan,
1462 3399 1616 3446 avec
1638 3383 2018 3447 l'ensemble
2047 3382 2159 3447 des
2196 3383 2592 3461 canonistes‚
2620 3380 2799 3446 n’ad-

646 3497 782 3559 met
827 3514 935 3576 pas
962 3514 1088 3578 que
1118 3497 1209 3560 les
1237 3498 1465 3560 statuts
1494 3497 1605 3561 des
1635 3497 1912 3562 conciles
1960 3499 2383 3578 provinciaux
2432 3499 2650 3563 soient
2689 3497 2796 3562 des

641 3628 907 3689 canonS,
944 3612 1006 3675 et
1034 3611 1197 3674 voici
1240 3613 1582 3676 comment
1612 3611 1660 3674 il
1692 3611 1937 3693 repond
1984 3631 2070 3676 au
2116 3614 2284 3677 texte
2347 3613 2427 3677 de
2486 3614 2797 3678 Gratien:

652 3747 684 3786 (ι
711 3729 882 3789 Dum
903 3725 1138 3790 dicitur
1164 3726 1280 3804 ibi,
1305 3728 1631 3790 Canonum
1653 3728 1771 3791 alii
1796 3734 1940 3790 sunt
1973 3728 2215 3792 decreta
2242 3730 2654 3810 Pontificum,
2686 3727 2804 3791 alii

646 3862 678 3899 »
712 3842 1153 3920 consiliorum,
1194 3843 1293 3920 et,
1334 3842 1759 3906 conciliorum
1804 3844 1936 3907 alia
1979 3852 2127 3907 sunt
2181 3845 2604 3922 universalia,
2667 3843 2806 3907 alia

644 3976 681 4015 »
703 3957 1151 4037 provincialia,
1202 3956 1323 4020 hoc
1368 3974 1501 4020 non
1542 3957 1770 4038 probat
1815 3959 2241 4022 conciliorum
2288 3957 2806 4039 provincialium

645 4090 677 4127 1>
716 4070 951 4133 statuta
975 4088 1111 4134 esse
1134 4088 1455 4151 canones;
1492 4090 1614 4136 nec
1649 4072 1759 4136 ille
1792 4075 2240 4156 paragraphus
2280 4074 2402 4137 hoc
2447 4071 2650 4154 dicit3
2690 4072 2803 4137 sed

647 4205 683 4244 >³
716 4184 1060 4248 Gratianus
1079 4184 1167 4248 ibi
1186 4184 1500 4266 distinxit,
1524 4187 1677 4269 quia
1697 4187 1807 4252 illa
1823 4189 2249 4270 provincialia
2267 4189 2604 4253 interdum
2627 4188 2812 4253 fiunt

649 4318 681 4356 »
719 4299 1094 4363 auctoritate
1117 4305 1323 4382 Papae,
1341 4320 1473 4385 quo
1492 4320 1648 4366 casu
1673 4322 1806 4367 non
1828 4304 2185 4387 ambigitur
2203 4304 2366 4387 quin
2389 4305 2520 4368 sint
2543 4304 2812 4368 decreta

650 4435 683 4473 »
714 4415 1124 4491 Pontificum,
1177 4416 1337 4480 alias
1388 4436 1602 4482 non...
1641 4419 1760 4484 Sed
1801 4421 2040 4484 statuta
2070 4421 2333 4485 illorum
2363 4418 2811 4484 conciliorum

653 4550 685 4587 »
721 4529 837 4592 ubi
864 4547 998 4594 non
1030 4531 1448 4630 intervenerit
1474 4534 1818 4600 auctoritas
1841 4540 2049 4618 Papae,
2079 4553 2215 4602 non
2238 4553 2373 4601 esse
2394 4551 2691 4600 canones
2710 4551 2812 4599 os·
