3038 5623
581 784 609 852 1
630 783 716 852 16
1285 777 1662 843 muni-:mn
1715 796 1998 842 murm.

568 976 602 1014 ι
638 952 810 1035 regis
835 952 936 1015 vel
965 949 1206 1031 reginae
1233 966 1388 1012 cum
1417 945 1766 1023 similibus,
1794 945 1860 1008 et
1886 943 2062 1007 inter
2086 944 2264 1007 actus
2308 942 2583 1006 omnino
2612 942 2717 1006 in-

568 1094 599 1129 »
635 1068 1004 1133 differentes
1031 1083 1106 1129 ac
1137 1064 1445 1145 privatos,
1474 1095 1558 1109 —
1602 1066 1675 1124 In
1713 1060 1926 1141 prima
1960 1060 2191 1140 specie,
2231 1059 2474 1141 absque
2513 1057 2717 1120 dubio

568 1208 596 1241 n
635 1200 751 1264 pro
775 1180 1081 1262 Episcopo
1102 1175 1627 1260 respondendum
1670 1192 1809 1238 esse
1847 1174 2175 1254 dicebam3
2222 1173 2536 1256 quoniam
2560 1190 2718 1236 cum

565 1319 598 1357 >2
635 1296 736 1360 isti
767 1296 896 1358 sint
916 1294 1119 1371 actus,
1139 1292 1251 1375 qui
1279 1291 1603 1373 geruntur
1624 1289 1693 1351 in
1723 1289 1989 1352 titulum
2020 1290 2142 1352 sub
2169 1289 2439 1353 nomine
2479 1289 2714 1369 praela-

566 1437 597 1470 »
635 1413 821 1486 turae,
852 1409 1060 1473 dictus
1085 1407 1617 1488 Archiepiscopus
1655 1404 1958 1482 titulariS,
1987 1404 2208 1484 utpote
2251 1420 2382 1466 non
2436 1403 2717 1468 existens

566 1553 597 1586 »
638 1527 718 1592 de
742 1527 853 1590 illo
880 1525 1132 1600 ordine,
1158 1540 1273 1587 seu
1293 1538 1555 1603 genere,
1578 1520 1843 1583 nullum
1861 1520 1973 1600 jus
2000 1517 2197 1582 habet
2222 1518 2292 1581 in
2316 1518 2410 1581 eis
2439 1518 2719 1582 interve-

565 1664 601 1703 »
634 1640 878 1717 niendi,
912 1639 1065 1722 quia
1090 1639 1268 1702 extra
1293 1653 1489 1700 suum
1511 1634 1830 1711 officium,
1855 1632 2031 1697 unde
2050 1633 2388 1713 reputatur
2414 1632 2519 1695 vir
2536 1651 2717 1697 mere

565 1780 599 1817 ι)
636 1757 946 1838 privatus,
994 1757 1081 1817 Ac
1124 1753 1322 1817 etiam
1366 1750 1559 1831 urget
1584 1749 1814 1813 eadem
1838 1748 2004 1811 ratio
2030 1765 2219 1812 casus
2273 1747 2716 1829 praecedentis,

565 1893 599 1930 ι)
633 1872 709 1934 ut
732 1870 972 1934 scilicet
1002 1869 1248 1932 habens
1272 1864 1796 1948 jurisdictionem
1835 1862 1905 1926 in
1957 1863 2218 1944 proprio
2244 1863 2568 1927 territorio
2599 1880 2717 1926 seu

569 2010 600 2045 ιο
636 1987 779 2050 loco
802 1983 1118 2067 praecedat
1140 2000 1274 2046 non
1297 1980 1648 2044 habentem
1661 2004 1681 2058 3
1726 1979 1929 2042 altera
1956 1977 2153 2040 etiam
2195 1977 2444 2041 ratione
2468 1978 2716 2059 ponde-

568 2123 604 2162 »
635 2102 801 2179 rata,
834 2099 1005 2183 quod
1047 2096 1576 2178 Metropolitanus
1605 2113 1761 2158 curn
1790 2093 1924 2157 suis
1955 2093 2376 2174 suffraganeis
2404 2111 2617 2156 unum
2652 2096 2719 2157 et

565 2238 596 2276 »
629 2215 804 2280 idem
829 2214 1166 2280 constituit
1191 2211 1540 2294 provinciae
1567 2226 1821 2290 corpuS‚
1865 2210 2053 2290 cujus
2081 2207 2213 2289 ipse
2242 2209 2337 2271 est
2362 2209 2580 2289 caput,
2604 2208 2719 2271 alii

565 2353 599 2390 ι»
634 2333 788 2395 sunt
815 2331 1149 2410 membra3
1175 2329 1444 2409 ideoque
1463 2343 1598 2388 non
1621 2325 1828 2407 potest
1849 2323 2101 2387 diversa
2119 2340 2391 2404 persona
2413 2323 2721 2387 interme-

566 2471 597 2506 »
629 2446 832 2523 diare,
889 2446 1008 2508 etc.
1036 2466 1068 2503 n
1121 2445 1332 2525 Atque
1382 2442 1541 2506 huic
1591 2439 1928 2504 sententiae
1972 2440 2477 2527 consentaneam
2518 2439 2718 2503 fuisse

567 2558 1084 2641 congregationis
1104 2562 1206 2622 SS.
1237 2558 1502 2621 Rituum
1530 2555 1987 2619 resolutionem
2011 2553 2282 2617 testatur
2299 2552 2474 2617 idem
2492 2557 2721 2617 auctor

568 2675 689 2739 sub
708 2674 911 2737 finem
933 2672 1228 2753 eiusdem
1249 2671 1600 2748 discursus,
1630 2688 1819 2732 num.
1850 2675 1944 2731 12.
1974 2668 2090 2731 Hic
2109 2669 2328 2731 autem
2351 2669 2718 2733 notandum

568 2787 818 2853 occurit
857 2785 1190 2850 duriorem
1235 2785 1431 2850 fuisse
1471 2803 1699 2850 casum
1724 2786 1807 2849 ab
1839 2786 2097 2849 auctore
2136 2781 2524 2863 discussum,
2559 2803 2717 2849 cum

570 2902 664 2967 ibi
686 2902 758 2966 in
783 2902 1030 2966 titulari
1058 2902 1521 2965 concurrerent
1541 2900 1822 2982 dignitas
1852 2900 2434 2981 archiepiscopalis,
2465 2903 2528 2964 et
2556 2901 2715 2964 titu-

570 3019 677 3083 lus
727 3016 1141 3099 suffraganei,
1187 3015 1337 3080 licet
1385 3017 1627 3098 absque
1663 3015 2139 3098 jurisdictione,
2166 3016 2233 3079 in
2264 3016 2471 3097 specie
2496 3019 2716 3080 autem

507 3204 512 3208 ,
572 3133 918 3216 proposita,
938 3132 1021 3195 sit
1050 3131 1321 3212 simplex
1345 3131 1688 3211 Episcopus
1728 3132 1966 3213 absque
1989 3130 2462 3211 iurisdictione,
2494 3131 2715 3195 nullo-

573 3266 701 3332 que
723 3249 850 3312 alio
868 3246 1227 3310 honorifico
1246 3245 1435 3308 titulo
1455 3244 1813 3309 decoratus,
1935 3220 1940 3227 ’

653 3364 815 3441 Quia
835 3380 989 3426 vero
1013 3361 1206 3424 citata
1227 3364 1330 3424 SS.
1362 3360 1634 3424 Rituum
1660 3361 2175 3442 congregationis
2200 3362 2507 3426 resolutio
2540 3362 2715 3428 haud

571 3480 846 3545 omnino
875 3493 1162 3540 consona
1187 3475 1463 3553 videtur,
1494 3493 1700 3555 operae
1727 3475 2006 3556 pretium
2029 3475 2316 3558 judicavi
2345 3477 2453 3540 hic
2480 3480 2715 3559 genui·

574 3611 732 3659 nam
755 3592 1077 3656 exet-ibere
1098 3609 1232 3654 una
1262 3609 1417 3654 cum
1440 3591 1584 3654 aliis
1604 3591 1882 3670 duabus,
1911 3609 2055 3673 quae
2079 3592 2386 3656 nonnihil
2412 3594 2715 3675 quaestio-

575 3726 729 3773 nem
749 3707 1100 3788 attingunt,
1129 3725 1204 3770 ex
1250 3707 1619 3770 authentico
1668 3707 1843 3770 illius
1886 3707 2402 3788 congregationis
2442 3710 2715 3790 registro

574 3823 1003 3905 depromptas.
1045 3843 1076 3879 <e
1121 3821 1474 3903 Praqensis.
1522 3856 1605 3869 —
1653 3823 2183 3904 Archiepiscopus
2223 3824 2618 3889 sebastensis
2639 3826 2711 3889 in

575 3940 936 4020 »partibus
969 3937 1337 4001 infidelium
1357 3985 1378 4016 ‚
1426 3939 1871 4018 suffraganeus
1915 3938 2414 4002 eminentissimi
2461 3939 2712 4005 domini

575 4078 613 4117 »
643 4054 996 4119 cardinalis
1017 4052 1097 4118 de
1125 4053 1461 4131 Sbarrack,
1481 4051 1955 4134 Archiepiscopi
1996 4055 2354 4135 PragensiS,
2401 4054 2712 4120 declarari

578 4194 611 4232 1>
644 4169 1011 4252 postulavit,
1042 4187 1125 4232 an
1156 4168 1277 4250 'ipsi
1319 4169 1417 4232 uti
1446 4168 1938 4249 Archiepiscopo
1981 4187 2176 4250 supra
2201 4170 2584 4251 Episcopum
2612 4171 2715 4234 Li-

576 4310 609 4348 »
644 4284 1209 4363 thomericensem,
1227 4284 1612 4365 praesentem
1637 4283 1708 4346 in
1727 4283 1985 4348 civitate
2006 4285 2073 4346 et
2094 4283 2345 4349 dioecesi
2374 4286 2707 4367 pragensi,

576 4423 609 4462 ι)
645 4398 1067 4482 praecedentia
1095 4400 1505 4480 competeret.
1532 4431 1613 4448 --
1637 4397 1746 4462 Die
1782 4406 1859 4460 29
1889 4400 2179 4479 januarii
2226 4406 2407 4478 1656,
2432 4404 2495 4465 S.
2525 4405 2599 4464 R.
2637 4404 2705 4465 C.

574 4538 608 4576 ι)
643 4513 992 4598 respondit.
1024 4514 1122 4581 Ad
1144 4514 1686 4597 Archiepiscopum
1730 4514 1827 4578 uti
1866 4515 2402 4598 Archiepiscopum
2453 4515 2713 4598 majori-
