3038 5623
593 800 635 869 3
657 802 673 867 l
695 800 736 867 6
1298 799 1686 864 mmmmm
1738 817 2020 865 ΡΑΜῚΕ.

593 962 745 1028 sebe
772 962 852 1027 de
881 960 1171 1044 Dorylee,
1195 960 1359 1025 etde
1387 962 1560 1025 saint
1587 961 1875 1041 Flavien,
1896 961 2141 1044 eveque
2183 960 2262 1024 de
2292 956 2737 1024 Constantino·-

594 1079 719 1159 ple.
747 1112 825 1125 —
854 1082 965 1142 Ces
1006 1076 1294 1159 Eveques
1327 1076 1589 1140 avaient
1639 1076 1740 1139 ete
1772 1074 2038 1157 deposes
2061 1093 2179 1156 par
2223 1076 2283 1138 le
2304 1074 2457 1137 faux
2492 1071 2738 1136 concile

593 1192 708 1274 qui
727 1192 904 1256 avait
921 1191 1019 1255 ete
1048 1189 1428 1255 surnomme
1450 1192 1514 1255 13
1541 1190 1922 1272 ϋνίςαηάαρο
1947 1171 2272 1271 (ἱἜρΙιρ-εε.
2315 1192 2424 1267 Or,
2456 1187 2630 1251 voici
2661 1204 2741 1251 en

597 1308 784 1388 quels
810 1308 1049 1370 termes
1090 1291 1451 1370 Theodoret
1477 1324 1560 1370 en
1592 1308 1819 1388 appela
1868 1306 1908 1370 3
1964 1306 2137 1369 saint
2185 1304 2355 1369 Leon
2393 1305 2452 1367 le
2483 1302 2739 1367 Grand:

607 1446 637 1480 «
668 1424 751 1487 At
778 1440 897 1504 ego
926 1422 1282 1504 apostolicae
1306 1423 1537 1487 vestrae
1579 1422 1759 1486 Sedis
1780 1422 2046 1503 expecto
2069 1421 2485 1497 sententiam,
2526 1419 2596 1483 et
2635 1437 2745 1483 oro

596 1541 792 1621 atque
833 1539 1115 1604 obtestor
1137 1538 1548 1604 sanctitatem
1576 1539 1763 1601 tuam
1790 1541 1864 1601 ut
1911 1536 2077 1600 mihi
2116 1537 2370 1600 rectum
2396 1536 2462 1598 et
2490 1534 2746 1615 justum

602 1653 891 1717 tribunal
916 1656 1207 1717 vestrum
1233 1653 1563 1717 invocanti
1583 1670 1773 1734 opem
1798 1653 1987 1730 ferat,
2009 1652 2360 1733 jubeatque
2383 1650 2466 1713 ad
2491 1666 2608 1712 vos
2632 1668 2743 1713 vc-

599 1768 827 1831 nire.»
878 1767 1096 1848 (Epist.
1137 1773 1302 1841 115.)
1351 1768 1683 1832 Reiterant
1713 1769 1870 1832 cette
1901 1766 2220 1831 demande
2262 1765 2425 1829 dans
2460 1767 2526 1828 la
2561 1765 2749 1828 lettre

601 1883 919 1962 suivante,
942 1883 990 1947 il
1007 1885 1222 1963 ajoute
1250 1902 1266 1946 ε
1300 1907 1330 1943 (ι
1357 1885 1562 1947 Habet
1583 1883 1764 1947 enim
1778 1882 2183 1947 sanctissima
2199 1882 2310 1945 illa
2331 1882 2524 1946 Sedes
2551 1881 2751 1945 eccle-

598 1998 849 2061 siarum
890 2015 1037 2080 quae
1080 1998 1150 2060 in
1184 2000 1315 2061 toto
1358 2001 1513 2062 sunt
1560 1999 1716 2062 orbe
1744 1998 2202 2080 principatum.
2243 2018 2275 2055 n
2332 1997 2485 2060 Plus
2512 1995 2676 2074 loin,
2705 1996 2749 2059 il

601 2114 813 2192 ajoute
848 2131 863 2174 ε
896 2136 926 2173 α
955 2115 1118 2177 Ante
1144 2114 1367 2176 omnia
1393 2114 1465 2176 ut
1496 2132 1535 2176 a
1558 2113 1742 2177 vobis
1765 2113 2020 2192 docear,
2052 2131 2169 2177 oro
2190 2130 2278 2176 an
2316 2130 2425 2175 me
2451 2113 2747 2192 oporteat

601 2228 674 2291 in
722 2226 842 2291 h'ac
891 2228 1133 2309 injusta
1174 2228 1567 2310 depositione
1604 2227 2040 2310 acquiescere,
2089 2245 2176 2293 an
2228 2246 2420 2291 non.:
2462 2229 2750 2291 vestram

596 2343 777 2407 enim
796 2344 1186 2407 sententiam
1204 2345 1483 2425 expecto.
1512 2342 1689 2420 Quod
1711 2342 1764 2406 si
1785 2343 1854 2405 in
1874 2342 2180 2424 judicatis
2196 2360 2462 2406 manere
2481 2360 2592 2405 me
2610 2344 2748 2422 Jus-

603 2459 834 2537 seritis,
858 2460 1168 2540 maneb03
1191 2477 1403 2542 neque
1423 2459 1542 2522 ulli
1568 2458 1917 2522 hominum
1938 2459 2240 2539 deinceps
2266 2476 2379 2522 ero
2408 2458 2746 2534 molestus,

605 2574 715 2636 sed
742 2576 996 2638 rectum
1020 2575 1130 2638 Dei
1158 2593 1229 2638 ac
1258 2575 1604 2638 salvatoris
1632 2575 1835 2638 nostri
1860 2574 2180 2655 judicium
2215 2574 2578 2654 expectabo.
2612 2577 2755 2636 Haec

605 2706 721 2768 per
743 2690 1148 2770 presbyteros
1184 2690 1536 2770 Hypatium
1566 2691 1630 2755 et
1666 2690 2141 2754 Abrahamium
2177 2688 2498 2753 sanctitati
2529 2689 2756 2751 vestrae

606 2802 924 2886 suggessi,
956 2802 1485 2887 quandoquidem
1517 2824 1603 2870 ne
1642 2805 1723 2870 ad
1752 2825 1865 2871 vos
1891 2804 2384 2882 contenderem,
2422 2804 2756 2886 regiarum

606 2918 974 2983 litterarum
997 2919 1263 2983 vincula
1292 2921 1731 2985 retinuerunt.
1763 2944 1794 2980 υ
1816 2928 2152 2986 Lesautres
2175 2919 2469 3001 Eveques
2492 2918 2756 3000 deposes

605 3051 726 3114 par
753 3035 814 3098 le
845 3034 1242 3116 brigandage
1270 3034 1580 3116 d'Ephese
1607 3038 1843 3102 eurent
1880 3053 2140 3100 recours
2177 3051 2263 3098 au
2292 3034 2510 3098 meme
2548 3035 2752 3115 appel.

608 3148 792 3212 Saint
812 3148 982 3213 Leon
1008 3150 1370 3231 s’appretait
1391 3150 1427 3214 a
1436 3153 1631 3232 juger
1653 3153 1716 3214 la
1726 3169 1916 3215 cause
1935 3151 2017 3215 de
2041 3169 2146 3215 ces
2159 3149 2451 3232 Eveques
2475 3149 2514 3213 3
2533 3152 2755 3224 Rome,

606 3264 671 3328 et
696 3262 733 3326 a
756 3281 799 3344 y
829 3264 990 3328 citer
1012 3282 1095 3328 en
1118 3264 1330 3330 meme
1359 3268 1568 3347 temps
1592 3267 1770 3330 leurs
1805 3268 2019 3348 juges,
2052 3265 2350 3347 lorsqu’il
2377 3284 2461 3330 en
2491 3266 2593 3329 fut
2619 3283 2759 3329 em-

609 3378 811 3458 1103113
842 3397 961 3459 par
989 3379 1053 3442 la
1081 3379 1372 3443 violence
1411 3380 1489 3445 de
1518 3381 1910 3461 l'empereur
1937 3379 2290 3444 Theodose.
2348 3381 2397 3444 11
2426 3379 2760 3461 suspendit

611 3491 997 3557 no'anmoins
1037 3492 1149 3557 des
1183 3511 1255 3557 ce
1294 3497 1594 3559 moment
1620 3496 1809 3559 l’effet
1841 3495 1931 3559 du
1959 3496 2300 3576 jngement
2326 3495 2507 3576 porte
2539 3496 2760 3559 contre

609 3606 987 3685 Theodoret,
1011 3609 1277 3672 voulant
1304 3628 1431 3692 que
1450 3612 1594 3675 tous
1617 3612 1677 3675 le
1707 3611 2177 3674 reconnussent
2196 3628 2360 3690 pour
2386 3610 2651 3692 Eveque
2671 3609 2761 3673 le-

612 3721 840 3803 gitime
853 3740 873 3802 3
914 3725 978 3786 et
1000 3724 1145 3804 plus
1171 3724 1338 3803 tard,
1366 3726 1561 3807 apres·
1582 3726 1647 3788 la
1671 3726 1844 3788 mort
1864 3726 1942 3788 de
1960 3723 2309 3801 Theodose,
2326 3725 2439 3806 qui
2466 3726 2580 3787 eut
2602 3743 2765 3806 pour

610 3855 985 3902 successeur
1011 3840 1071 3903 le
1099 3840 1288 3920 pieux
1320 3859 1666 3922 empereur
1694 3841 1990 3918 Mai-tien,
2031 3840 2078 3903 il
2105 3840 2182 3910 fit
2207 3839 2450 3904 reviset·
2472 3841 2637 3904 cette
2670 3840 2766 3903 af·—

611 3954 772 4018 faire
799 3954 961 4018 dans
983 3955 1048 4019 le
1069 3955 1315 4018 concile
1340 3956 1796 4038 oecumenique
1821 3955 1901 4019 de
1920 3953 2365 4032 Chalcedoine,
2385 3953 2766 4036 quiannula

612 4069 703 4131 les
731 4070 901 4132 actes
942 4069 1031 4133 du
1070 4070 1492 4135 conciliabule
1522 4070 1853 4152 d'Ephese.

696 4183 895 4263 Appel
930 4183 1009 4246 de
1052 4185 1224 4248 saint
1260 4185 1522 4250 Fladius
1560 4203 1707 4249 vers
1745 4187 1878 4250 l’an
1915 4193 2058 4251 400.
2092 4221 2170 4234 —-
2198 4185 2619 4251 Valentinien
2662 4188 2768 4262 111,

611 4296 902 4361 ecrivant
939 4297 976 4362 a
1004 4317 1120 4363 son
1148 4300 1440 4382 collegue
1483 4300 1810 4366 Theodose
1852 4320 1938 4365 au
1970 4303 2142 4383 sujet
2177 4300 2258 4365 de
2299 4303 2400 4365 cet
2427 4302 2638 4382 appel,
2671 4299 2771 4363 lui

613 4412 729 4476 fait
768 4413 1072 4478 observer
1100 4433 1225 4497 que
1272 4416 1420 4480 telle
1462 4418 1560 4480 est
1585 4417 1648 4480 13
1679 4416 2068 4498 perpetuelle
2114 4418 2424 4480 coutume
2461 4434 2548 4480 en
2577 4416 2784 4497 vertu-

615 4526 693 4591 de
721 4527 996 4609 laquelle
1047 4551 1078 4588 ε(
1113 4529 1529 4596 Beatissimus
1569 4534 1874 4596 Romanae
1918 4531 2194 4596 civitatis
2238 4531 2613 4612 Episcopus,
2659 4527 2770 4592 cui
