3038 5623
614 844 660 913 2
668 845 758 913 46
1325 844 1715 910 'morsrizmz
1764 865 2047 914 ram-112.

612 1034 643 1069 n
676 1008 968 1085 initium,
993 1006 1081 1070 ita
1105 1024 1362 1071 necesse
1382 1007 1576 1070 estut
1595 1005 1949 1087 disciplinis
1971 1008 2487 1088 competentibus
2509 1005 2753 1071 Sancti-

612 1145 648 1187 »
675 1124 772 1186 tas
809 1124 1032 1186 Vestra
1072 1121 1352 1202 singulis
1390 1121 1673 1185 ecclesiis
1711 1122 1872 1204 qnid
1915 1123 2257 1186 observare
2305 1123 2582 1187 debeant
2622 1120 2755 1185 evi-

613 1259 646 1296 »
678 1236 905 1300 denter
938 1236 1254 1299 ostendat.
1275 1260 1304 1294 n
1350 1237 1428 1300 Et
1462 1235 1649 1317 apres
1684 1234 2183 1301 l’enumeration
2219 1237 2300 1301 de
2335 1237 2550 1300 divers
2592 1237 2754 1298 abus

612 1350 777 1414 dont
804 1351 852 1413 il
878 1349 1199 1414 demande
1228 1352 1291 1414 la
1328 1350 1691 1431 repression
1722 1370 1840 1432 par
1874 1352 2191 1416 l’autorite
2219 1352 2310 1415 du
2338 1352 2757 1432 Saint-Siege,

616 1465 667 1530 il
688 1467 937 1545 aJoute:
965 1470 1154 1534 «Haec
1175 1466 1397 1530 omnia
1414 1467 1665 1531 ultione
1683 1466 2101 1531 districtionis
2123 1468 2352 1530 vestrae
2372 1466 2515 1530 fieri
2537 1465 2758 1546 prohi-

614 1601 647 1640 ι
680 1581 847 1645 bete.
865 1602 896 1639 ι)

697 1699 779 1758 Le
815 1712 972 1775 pape
1000 1699 1391 1778 Symmaque
1425 1697 1660 1774 statua,
1691 1713 1773 1759 en
1802 1695 1976 1772 effet,
2015 1713 2133 1759 sur
2157 1697 2305 1759 tons
2355 1713 2459 1759 ces
2511 1695 2751 1776 pointS,

617 1827 736 1889 par
792 1828 925 1873 une
967 1809 1276 1873 decretale
1327 1810 1415 1873 du
1460 1811 1627 1874 mois
1676 1810 1758 1874 de
1803 1813 2159 1875 novembre
2211 1819 2351 1874 523.
2403 1808 2751 1891 (sirmond,

617 1924 778 1987 tom.
812 1929 857 2002 Ι,
895 1943 1042 2006 pag.
1089 1928 1255 2004 184.)
2463 1916 2468 1921 ’

699 2042 855 2103 L’an
878 2046 1017 2119 515,
1064 2041 1237 2104 saint
1263 2040 1510 2103 Gesaire
1545 2039 1864 2104 demanda
1893 2042 1956 2104 la
1997 2039 2450 2105 confirmation
2479 2036 2592 2102 des
2618 2036 2751 2118 pri·

617 2156 858 2236 vileges
905 2154 1200 2219 accordes
1228 2174 1345 2236 par
1384 2155 1444 2219 le
1486 2155 1871 2237 saint-siege
1897 2154 1935 2218 a
1982 2156 2046 2218 la
2095 2154 2448 2234 metropole
2479 2154 2751 2216 d’Arles.

619 2276 705 2337 La
737 2271 1077 2353 supplique
1096 2271 1198 2333 fut
1221 2271 1455 2335 remise
1484 2288 1567 2334 au
1597 2289 1755 2352 pape
1785 2274 2177 2352 Symmaque
2203 2285 2324 2349 par
2360 2266 2565 2331 l’abbe
2588 2266 2759 2349 AEgi-

616 2385 789 2450 dius·
831 2390 927 2450 On
966 2404 1004 2467 y
1046 2385 1264 2449 lisait:

715 2524 744 2558 α
770 2501 1098 2576 Quantum
1142 2500 1214 2563 in
1254 2501 1565 2563 omnibus
1597 2499 2018 2563 ecclesiarum
2062 2496 2476 2562 Pontificibus
2503 2512 2656 2577 quae
2688 2494 2762 2557 in

627 2635 658 2673 >³
691 2615 823 2677 toto
871 2615 1026 2677 orbe
1064 2614 1313 2678 diffusae
1353 2615 1509 2678 sunt
1563 2613 1907 2694 apostolica
1943 2611 2134 2676 Sedes
2169 2611 2428 2674 sibimet
2466 2608 2765 2672 vindicat

628 2749 659 2788 υ
693 2729 1152 2808 principatum,
1178 2730 1243 2792 et
1269 2728 1683 2810 synodalibus
1711 2726 1980 2790 decretis
2007 2726 2261 2790 firmior
2291 2728 2431 2805 ejus
2460 2723 2767 2804 praecellit

624 2864 655 2902 »
691 2842 1059 2919 auctoritas,
1120 2843 1381 2906 tantum
1439 2842 1764 2923 potestatis
1825 2860 1959 2905 suae
2002 2841 2369 2922 provisione
2414 2839 2676 2902 dudum
2728 2855 2767 2899 3

625 2977 656 3015 >>
695 2974 830 3020 sese
867 2973 1169 3020 concessa
1217 2955 1406 3020 debet
1450 2956 1833 3019 inconcussa
1881 2973 2161 3019 servare.
2194 2977 2224 3013 n

706 3076 876 3134 Dans
915 3072 978 3134 la
1024 3070 1294 3151 re'ponse
1329 3070 1418 3133 du
1468 3088 1627 3152 pape
1666 3074 2062 3152 Symmaque
2105 3069 2142 3133 a
2182 3070 2341 3132 cette
2386 3067 2770 3149 supplique,

625 3204 711 3250 on
754 3187 828 3248 lit
854 3204 924 3249 ce
972 3204 1235 3267 passage
1267 3205 1282 3247 :

718 3323 746 3356 «
773 3300 1188 3362 Decernimus
1236 3300 1313 3361 ut
1351 3298 1521 3361 circa
1570 3316 1646 3361 ea
1694 3317 1839 3380 quae
1885 3301 2022 3363 tam
2077 3299 2148 3361 in
2197 3297 2398 3362 Gallia
2445 3313 2658 3378 quam
2708 3294 2782 3357 in

626 3434 660 3472 n
696 3413 1000 3493 Hispania
1023 3413 1369 3493 provinciis
1389 3413 1468 3475 de
1496 3431 1689 3476 causa
1712 3413 2050 3495 religionis
2073 3390 2486 3489 emerserint,
2513 3409 2790 3473 solertia

627 3548 660 3586 n
693 3529 822 3588 tuae
851 3526 1267 3589 fraternitatis
1290 3526 1615 3608 invigilet3
1666 3529 1729 3590 et
1759 3527 1812 3590 si
1859 3528 2024 3591 ratio
2067 3525 2428 3607 poposcerit
2473 3541 2785 3604 praesen-

628 3660 660 3698 υ
695 3638 854 3701 tiam
882 3639 1311 3718 sacerdotum,
1350 3642 1600 3704 servata
1635 3640 2125 3718 consuetudine,
2157 3637 2621 3719 unusquisque
2651 3640 2793 3701 tuae

626 3774 664 3816 π
692 3752 1058 3817 dilectionis
1083 3754 1453 3817 admonitus
1470 3747 1861 3817 'auctoritate
1887 3754 2254 3833 conveniat,
2297 3754 2365 3815 et
2405 3751 2460 3814 si
2499 3752 2629 3814 Dei
2668 3750 2795 3814 ad-

629 3892 660 3926 »
693 3870 934 3949 jutorio
987 3869 1421 3933 controversia
1472 3867 1765 3931 incidens
1826 3868 2152 3949 amputari
2201 3866 2513 3947 potamii,
2566 3865 2796 3946 ipsius

630 4004 662 4042 a
699 3983 820 4046 hoc
849 3985 1098 4047 meritis
1121 3983 1557 4065 applicemus:
1585 3983 1873 4064 alioquin
1899 3981 2230 4045 existentis
2280 3979 2522 4060 negotii
2571 3981 2805 4062 quali-

636 4118 668 4156 »
706 4098 802 4159 tas
826 4097 906 4159 ad
932 4098 1156 4161 Sedem
1185 4098 1604 4179 apostolicam
1630 4099 1693 4161 te
1741 4097 2058 4161 referente
2082 4094 2439 4176 perveniat.
2484 4115 2516 4152 a
2557 4097 2807 4173 (Cous-

635 4211 801 4287 tant,
836 4230 963 4291 pr„
1000 4230 1150 4293 pag.
1203 4216 1364 4291 xxi.)

712 4324 891 4387 Saint
931 4326 1099 4403 Avit,
1138 4326 1383 4408 eveque
1430 4325 1508 4390 de
1547 4327 1822 4402 Vienne,
1861 4325 2036 4387 mort
2070 4342 2154 4388 en
2215 4330 2363 4402 525,
2395 4340 2577 4387 nous
2614 4325 2812 4388 four·

632 4437 737 4500 nit
764 4456 835 4500 ce
880 4455 1076 4519 grave
1116 4438 1516 4521 temoignage
1548 4460 1565 4503 ε

728 4576 756 4612 ιι
788 4552 970 4616 Scitis
992 4552 1408 4634 synodalium
1438 4555 1660 4635 legum
1697 4571 1834 4617 esse
1881 4554 1958 4615 ut
1981 4552 2053 4615 in
2102 4553 2297 4617 rebus
2341 4568 2487 4633 quae
2541 4553 2645 4616 ad
2701 4560 2823 4619 Ec-
