3038 5623
620 741 763 812 580
1322 742 1727 819 chmssME
1784 760 2063 808 PAR-rm.

617 902 1110 969 constitutiones
1148 919 1296 966 suas
1324 903 1460 965 tam
1488 900 1568 965 de
1592 919 1746 982 pace
1770 919 1971 984 quam
2004 901 2084 967 de
2118 902 2262 966 aliis
2285 903 2496 967 causis
2528 906 2751 985 populo

614 1018 1065 1084 demonstrant
1073 1037 1094 1098 3
1133 1017 1277 1081 illos
1305 1016 1420 1099 qui
1448 1016 1723 1080 rebelles
1755 1016 1908 1079 sunt
1931 1017 2156 1080 contra
2185 1035 2437 1098 pacem,
2473 1020 2539 1082 et
2566 1020 2748 1099 ¹justi·

611 1137 799 1214 tiam,
823 1134 888 1199 et
915 1133 1208 1197 sanctam
1233 1131 1583 1196 Ecclesiam
1608 1132 1743 1210 Dei,
1769 1149 2000 1196 omnes
2027 1133 2591 1197 excommunicant
2618 1137 2751 1215 Epi-

611 1250 805 1332 scopi.
842 1249 956 1312 His
992 1249 1213 1311 autem
1239 1246 1354 1328 qui
1385 1245 1760 1310 obedientes
1797 1247 1953 1310 sunt
1979 1246 2178 1311 sacris
2210 1249 2568 1312 canonibus
2602 1249 2751 1313 dant

610 1364 1149 1429 benedictionem.
1210 1360 1330 1426 Sed
1378 1362 1723 1443 postquam
1775 1361 2017 1443 singuli
2057 1362 2351 1443 Episcopi
2398 1362 2747 1428 dicentibus

609 1479 883 1561 singulis
921 1477 1234 1554 diaconis,
1274 1476 1625 1540 Humiliate
1656 1492 1766 1540 vos
1803 1475 1891 1539 ad
1923 1475 2425 1556 benedictionem,
2466 1479 2751 1543 benedic-

607 1596 815 1659 tiones
838 1592 1224 1674 episcopales
1254 1590 1543 1671 singulas
1561 1589 1841 1654 dixerint
1863 1608 2059 1671 super
2078 1592 2428 1673 populum3
2456 1593 2613 1656 dant
2636 1594 2749 1657 sibi

608 1710 892 1773 invicem
916 1707 1089 1788 pacis
1115 1707 1439 1784 osculum,
1462 1707 1529 1768 et
1547 1705 1764 1769 omnis
1787 1706 2063 1787 populus
2090 1705 2396 1769 invicem.
2430 1709 2507 1770 Et
2527 1708 2619 1771 sic
2643 1709 2747 1772 ab·

608 1823 879 1888 solvitur
916 1820 1309 1898 concilium,
1341 1822 1405 1884 et
1431 1838 1661 1884 omnes
1700 1821 1976 1884 redeunt
2004 1820 2083 1884 ad
2115 1839 2268 1898 sua,
2301 1822 2427 1886 nisi
2462 1822 2559 1886 illi
2598 1840 2752 1904 quos

607 1937 858 2003 Primas
881 1935 1349 2000 lemovicensis
1376 1935 1576 1998 verbo
1607 1951 1724 1997 suo
1743 1935 1922 2016 ligat,
1952 1935 2185 1999 utnon
2213 1935 2589 2016 abscedant,
2620 1937 2751 2001 sine

604 2053 737 2118 oris
789 2052 891 2116 sui
931 2050 1193 2134 propria
1238 2051 1303 2113 et
1342 2049 1696 2129 spontanea
1741 2049 2169 2128 absolutione,
2218 2053 2478 2133 propter
2520 2053 2748 2116 confir-

605 2167 917 2231 mandam
942 2165 1268 2247 justitiam
1296 2165 1360 2226 et
1388 2181 1636 2244 pacem.
1669 2163 2010 2244 (Martene,
2040 2165 2120 2230 de
2147 2167 2436 2248 antiquis
2464 2168 2752 2232 Ecclesiae

607 2282 865 2360 ritibus,
899 2282 948 2344 t.
976 2284 1053 2359 11,
1084 2298 1149 2361 p.
1182 2282 1350 2357 311.)

1584 2560 1792 2660 §HL

675 2774 829 2826 Vetus
850 2773 1072 2826 formula
1095 2733 1379 2825 celebrandi
1401 2772 1602 2824 concilii
1624 2771 1953 2838 provincialis
1976 2774 2027 2823 in
2050 2772 2261 2824 ecclesia
2283 2771 2692 2839 Rothomagensi.

945 2862 1027 2926 (Le
1047 2862 1102 2914 P.
1127 2862 1369 2914 Mabillon
1390 2866 1626 2926 rapporte
1649 2865 1778 2913 cette
1802 2861 2019 2913 formule
2042 2874 2110 2912 au
2132 2870 2207 2912 xi·
2231 2861 2422 2925 siecle.)

692 3092 907 3156 Prima
929 3093 1087 3155 hora
1112 3090 1262 3170 diei,
1292 3092 1655 3156 induantur
1677 3093 1967 3176 Episcopi
1992 3096 2057 3158 et
2074 3093 2338 3158 abbates
2360 3094 2433 3157 in
2455 3094 2752 3170 sacrario,

613 3206 1104 3271 archidiaconus
1122 3205 1484 3284 dalmatica,
1514 3206 1948 3272 subdiaconus
1968 3208 2213 3286 tunica,
2230 3209 2447 3273 caeteri
2473 3207 2756 3273 ministri

613 3322 802 3399 albis,
829 3323 894 3384 et
914 3320 1044 3384 duo
1074 3321 1188 3402 qui
1216 3320 1528 3385 letaniam
1570 3321 1997 3399 cantaverint,
2028 3324 2246 3404 cappis
2278 3341 2294 3386 τ
2325 3325 2388 3387 et
2414 3323 2506 3387 sic
2533 3341 2757 3405 proce-

613 3415 838 3499 dentes
856 3436 1007 3498 ante
1029 3436 1251 3514 altare,
1273 3437 1337 3499 et
1361 3435 1451 3498 ibi
1478 3453 1672 3517 super
1690 3437 1902 3517 tapeta
1920 3439 2417 3519 prosternantur
2435 3437 2724 3520 Episcopi
2733 3463 2750 3517 3

610 3549 735 3630 ipsi
763 3566 914 3613 vero
937 3548 1052 3631 qui
1075 3550 1293 3631 cappis
1328 3550 1542 3613 induti
1572 3550 1840 3630 fuerint,
1877 3553 2215 3617 confestim
2243 3554 2562 3635 incipiant
2588 3554 2756 3618 anti·

611 3662 903 3746 phonam
952 3681 970 3727 :
1007 3664 1272 3728 Exaudi
1311 3682 1451 3742 nos,
1495 3666 1778 3744 Domine,
1811 3667 2116 3747 quoniam
2162 3667 2430 3749 beniqna
2475 3677 2592 3747 est,
2629 3684 2758 3751 qua

610 3796 765 3843 cum
795 3779 1069 3860 psalm0,
1100 3778 1363 3844 Salvum
1389 3796 1486 3841 me
1511 3779 1616 3862 fac
1658 3780 1720 3843 et
1751 3781 1974 3846 Gloria
2015 3783 2226 3859 Patri,
2272 3784 2552 3864 expleta,
2593 3783 2754 3847 inci·

477 3888 482 3893 ’
610 3894 792 3974 piant
812 3892 1145 3957 letaniam.
1174 3896 1444 3975 Moxque
1467 3896 1807 3976 surgentes
1830 3895 2118 3977 Episcopi
2145 3899 2418 3979 pergant
2439 3898 2523 3961 ad
2540 3899 2758 3963 locum

611 4007 729 4071 ubi
756 4006 980 4071 sedilia
1020 4007 1092 4070 in
1134 4007 1334 4071 choro
1362 4006 1648 4089 deposita
1675 4009 1923 4073 fuerint
1955 4029 1973 4073 ε
2000 4009 2117 4074 ubi
2145 4010 2336 4075 finita
2361 4013 2630 4092 letania,
2660 4028 2760 4076 ar·

607 4122 1052 4202 chidiaconuS,
1087 4123 1342 4205 accepta
1386 4123 1832 4189 benedictione
1875 4141 1914 4188 a
1950 4124 2279 4200 Pontifice,
2317 4127 2758 4209 evangelium,

611 4236 757 4317 qu
779 4254 921 4299 sum
950 4245 1170 4318 pastor
1205 4236 1421 4314 bonus,
1448 4238 1659 4319 legat:
1699 4256 1829 4322 quo
1856 4240 2139 4320 perlecto
2165 4240 2405 4305 clamet
2427 4242 2558 4305 alta
2580 4259 2756 4317 voce,

616 4350 833 4429 Orate,
858 4349 1201 4433 statimque
1224 4369 1451 4416 omnes
1470 4353 1606 4416 tam
1628 4354 1917 4436 Episcopi
1947 4372 2149 4437 quam
2171 4355 2392 4420 clerici
2419 4357 2554 4420 solo
2571 4357 2760 4420 tenus

616 4464 1134 4547 prosternentur,
1168 4467 1232 4529 et
1256 4467 1594 4531 orantibus
1617 4468 1709 4533 eis
1734 4469 1958 4551 surgat
2001 4470 2174 4535 solus
2201 4471 2756 4553 Metropolitanus,
