3038 5623
610 785 753 860 536
1293 793 1715 869 QUA‘rmizMn
1774 812 2057 860 mnne.

608 951 802 1016 clesia
821 969 897 1016 ex
933 951 1220 1034 profanis
1260 952 1674 1017 ethnicorum
1696 953 1947 1036 scriptis
1992 953 2441 1033 invehantur,
2481 973 2636 1037 qua:
2682 973 2774 1018 re-

610 1066 732 1132 bus
759 1068 1217 1132 obscuritatem
1244 1067 1566 1133 offendere
1601 1070 1665 1132 et
1690 1069 2022 1135 catholicis
2053 1070 2493 1135 stomachum
2524 1088 2780 1157 movere

608 1183 890 1265 possent.

690 1325 720 1359 »
759 1305 1035 1364 Demum
1072 1318 1228 1365 cum
1278 1300 1669 1382 provinciale
1714 1301 2065 1366 concilium
2095 1301 2610 1367 absolvendum
2637 1301 2786 1372 erit,

612 1434 835 1499 quaecu
846 1435 1039 1499 mque
1071 1416 1140 1480 in
1165 1435 1240 1480 eo
1265 1417 1613 1480 constituta
1634 1417 1898 1495 fuerint,
1932 1435 2153 1481 coram
2175 1417 2502 1482 Patribus
2536 1417 2785 1481 concilii

612 1532 990 1614 relegentur
999 1551 1021 1613 3
1062 1532 1300 1614 quibus
1337 1531 1457 1595 sub
1483 1530 1732 1613 judicio
1767 1533 1834 1597 et
1868 1509 2585 1597 correctionesanctae
2619 1530 2786 1596 Sedis

615 1648 995 1729 apostolicae,
1025 1666 1177 1711 cum
1204 1648 1714 1729 Metropolitano,
1742 1647 1979 1730 reliqui
2010 1647 2629 1728 comprovinciales
2653 1645 2789 1726 Episs

614 1764 787 1843 scopi
814 1763 1237 1827 subscribent.

698 1899 729 1936 n
756 1878 892 1956 Illa,
910 1878 980 1941 in
1004 1897 1216 1942 unum
1240 1880 1546 1943 volumen
1575 1878 1830 1943 redacta
1848 1881 2196 1961 antequam
2220 1879 2698 1960 publicentur,
2712 1875 2782 1939 ad

619 1993 1101 2058 sanctissimum
1129 1994 1482 2058 Dominum
1511 1997 1815 2058 nostrum
1844 2012 1995 2058 cum
2025 1994 2259 2058 litteris
2284 1989 2783 2074 Metropolitani

617 2110 721 2174 vel
753 2110 949 2174 totius
985 2110 1212 2193 synodi
1243 2110 1798 2189 transmittentur,
1834 2112 1909 2173 ut
1940 2129 1979 2173 a
2012 2108 2172 2173 Sede
2209 2109 2589 2190 apostolica
2630 2104 2781 2170 revi-

617 2225 912 2301 deantur‚
944 2226 1376 2308 corrigantur,
1411 2227 1604 2308 atque
1634 2227 2013 2307 probentur,
2051 2225 2268 2307 itaque
2296 2226 2619 2289 correcta
2647 2238 2781 2286 exe-

616 2342 862 2406 cutioni
894 2340 1392 2406 demandentur.

697 2480 733 2518 »
765 2459 878 2523 His
901 2457 1098 2522 etiam
1126 2458 1355 2540 subiici
1382 2461 1687 2541 poterunt
1705 2477 1780 2523 ea
1800 2478 1948 2541 quae
1971 2459 2052 2523 ad
2078 2458 2632 2540 promovendum
2644 2470 2779 2536 pro-

621 2573 853 2637 vinciae
898 2574 1255 2653 profectum
1297 2573 1366 2638 in
1407 2575 1832 2639 ecclesiastica
1882 2574 2248 2655 disciplina,
2284 2574 2397 2639 vel
2429 2574 2520 2637 ad
2568 2587 2778 2635 occur-

623 2689 902 2752 rendum
930 2689 1413 2772 impedimentis
1441 2693 1634 2773 atque
1675 2691 2005 2773 periculis,
2035 2690 2320 2773 synodus
2350 2684 2779 2772 provincialis

623 2805 1024 2870 sanctissimo
1062 2805 1335 2871 Domino
1376 2808 1598 2871 nostro
1643 2806 2057 2890 proponenda
2101 2806 2532 2889 judicaverit.
2577 2828 2610 2864 ι)
2655 2806 2779 2881 (Fa-

623 2941 821 3005 gnan‚
879 2924 950 2988 in
989 2931 1017 2986 1
1065 2925 1316 3007 partem
1368 2932 1404 2988 5
1432 2924 1583 2989 libri
1616 2925 2070 3004 Decretalium,
2101 2942 2240 3006 cap.
2272 2924 2461 2988 Sicut
2491 2923 2676 2996 olim,
2702 2917 2773 2980 de

620 3043 875 3120 Aecus.)
