3038 5623
403 820 704 868 CONGILE
756 823 967 870 PROV.
1008 823 1149 869 PAR
1197 822 1522 868 RAPPORT
1558 821 1657 867 ΛΠ
1699 806 2169 870 SAINT-SIEEGE.
2276 802 2407 872 311

276 964 433 1026 sunt
492 963 693 1044 ipsius
732 964 930 1028 filii...
1004 963 1564 1042 Quemadmodum
1612 963 1983 1028 Patriarcha
2033 965 2413 1045 potestatem

277 1077 477 1142 hahet
526 1096 721 1159 super
770 1080 1059 1144 subditos
1108 1098 1280 1158 suos,
1327 1080 1430 1143 ita*
1449 1098 1708 1162 quoque
1758 1084 2088 1144 Romanus
2137 1080 2422 1142 Pontifex

276 1194 655 1274 potestatem
697 1195 894 1259 habet
925 1214 1122 1277 super
1147 1195 1487 1259 universos
1533 1194 1955 1273 Patriarchas,
1994 1195 2421 1277 quemadmo-

275 1307 439 1372 dum
462 1312 690 1374 Petrus
712 1311 987 1375 habebat
1004 1330 1201 1392 super
1223 1311 1564 1375 universos
1590 1310 2078 1374 christianitatis
2099 1310 2422 1391 principes

275 1424 340 1486 et
367 1425 638 1489 concilia
680 1425 966 1506 ipsorum
999 1446 1015 1489 ε
1045 1426 1360 1509 quoniam
1391 1426 1626 1491 Christi
1656 1426 1944 1489 vicarius
1965 1427 2065 1490 est
2092 1444 2286 1507 super
2322 1443 2425 1490 re-

275 1538 742 1621 demptionem,
768 1543 1065 1606 ecclesias
1096 1543 1162 1605 et
1186 1542 1459 1605 cunctos
1499 1541 1792 1623 populos.
1826 1562 1857 1599 n

358 1659 442 1718 Le
466 1655 640 1719 droit
666 1657 990 1736 pontificat
1022 1657 1100 1720 de
1126 1659 1322 1739 juger
1348 1675 1506 1721 ceux
1538 1656 1653 1738 qui
1677 1674 1762 1719 en
1791 1656 2117 1736 appellent
2145 1655 2257 1719 des
2281 1673 2423 1719 sen-

275 1773 494 1835 tences
523 1771 859 1852 synodales
887 1772 1139 1851 portees
1161 1773 1383 1836 contre
1414 1790 1541 1834 eux
1580 1789 1664 1834 ne
1704 1771 1949 1834 saurait
1972 1770 2108 1834 etre
2134 1770 2422 1851 exprime

275 1889 425 1969 plus
453 1887 1012 1969 energiquement.

356 2008 439 2067 Le
455 2003 700 2066 concile
718 2003 799 2066 de
822 2008 1023 2067 Rome
1043 2004 1199 2066 tenu
1220 2022 1368 2068 sous
1383 2005 1444 2067 le
1465 2022 1626 2085 pape
1647 2008 1939 2080 Damaso,
1962 2019 2102 2065 vers
2124 2002 2251 2063 l’an
2277 2007 2420 2079 360,

273 2117 534 2182 adressa
578 2119 743 2182 cette
789 2118 1107 2182 demande
1154 2137 1279 2182 aux
1320 2136 1697 2200 empereurs
1740 2117 2004 2182 Gratien
2041 2118 2107 2180 et
2142 2116 2425 2179 Valenti-

273 2233 433 2296 nien
470 2252 488 2295 :

362 2371 395 2409 α
431 2349 671 2413 Jubere
720 2348 923 2428 pietas
974 2349 1189 2410 vestra
1237 2347 1569 2428 dignetur,
1618 2347 2021 2429 quicumque
2069 2346 2173 2415 vel
2202 2343 2421 2407 fratris

271 2464 481 2527 nostri
512 2463 797 2541 Damasi,
821 2465 925 2526 vel
953 2465 1175 2526 nostro
1195 2462 1444 2543 judicio
1473 2462 1589 2544 qui
1618 2462 1916 2527 catholici
1943 2479 2197 2538 sumuS,
2226 2460 2423 2523 fuerit

267 2578 768 2654 condemnatuS,
799 2581 993 2660 atque
1026 2579 1268 2659 injuste
1299 2576 1584 2640 voluerit
1611 2576 1889 2640 retinere
1929 2575 2288 2650 ecclesiam,
2315 2574 2420 2638 vel

266 2696 539 2758 vocatus
568 2711 606 2757 a
649 2694 1025 2757 sacerdotali
1053 2693 1299 2774 ,iudicio
1338 2711 1473 2756 non
1516 2692 1757 2762 adesse,
1793 2691 2032 2761 accitus
2074 2689 2153 2753 ad
2189 2691 2422 2753 urbem

265 2815 551 2875 Romam
596 2809 841 2888 veniat,
875 2810 990 2873 aut
1019 2808 1073 2873 si
1110 2808 1180 2872 in
1225 2807 1802 2890 longinquioribus
1845 2806 2137 2888 partibus
2185 2805 2415 2886 hujus-

263 2924 449 2987 modi
477 2925 815 2988 emerserit
837 2924 1124 3006 quaestiO,
1150 2924 1229 2987 ad
1249 2923 1720 3004 Metropolitani
1750 2921 2106 2985 deducatur
2123 2938 2415 2983 examen.

262 3041 387 3103 Vel
416 3041 471 3103 si
500 3041 633 3121 ipse
662 3041 1189 3121 Metropolitanus
1215 3040 1334 3117 est,
1367 3043 1641 3102 Romam
1666 3037 2051 3110 necessari0‚
2074 3035 2180 3097 vel
2208 3033 2288 3096 ad
2309 3050 2422 3096 eos

258 3172 434 3237 quos
461 3160 793 3219 Romanus
839 3155 1187 3235 Episcopus
1225 3153 1473 3233 Judices
1518 3151 1790 3227 dederit,
1838 3148 2224 3213 contendere
2276 3146 2424 3211 sine·

253 3269 579 3333 dilatione
603 3270 930 3350 jubeatur.
964 3272 1049 3347 (c.
1077 3268 1272 3347 Wolf,
1305 3268 1379 3330 de
1403 3271 1583 3331 Rom.
1612 3266 1871 3346 appell„
1897 3283 1956 3327 c.
1988 3266 2078 3343 8.)

342 3389 514 3449 Vers
540 3385 674 3448 l’an
720 3390 857 3462 410,
900 3384 1085 3465 appel
1114 3383 1194 3446 de
1223 3382 1393 3446 saint
1441 3386 1599 3445 Jean
1642 3380 2089 3461 chrysostome
2126 3397 2210 3441 au
2256 3396 2417 3459 pape

247 3502 588 3564 Innocent
621 3505 716 3563 1⁶³.
758 3533 837 3548 --
875 3498 1257 3579 Theophile,
1308 3496 1675 3578 patriarche
1722 3493 2196 3572 d'Alexandrie,
2245 3494 2420 3558 avait

240 3615 542 3698 depose„
571 3634 693 3696 par
736 3616 1035 3678 sentence
1078 3614 1408 3695 synodale,
1463 3613 1634 3676 saint
1675 3612 2146 3693 chrysostome,
2197 3610 2420 3673 arche-
2457 3643 2471 3652 ·

237 3731 481 3813 reque
528 3729 607 3793 de
660 3730 1204 3810 constantinople.
1257 3727 1608 3809 Theophile
1654 3744 1903 3808 envoya
1934 3742 2002 3788 sa
2032 3727 2301 3789 relation
2329 3743 2415 3788 au

235 3864 431 3928 pape
449 3846 764 3907 Innocent
788 3849 884 3922 1³²,
915 3846 981 3908 et
1000 3844 1174 3907 saint
1195 3844 1642 3923 chrysostome
1665 3841 1758 3904 lui
1789 3857 2042 3920 envoya
2064 3856 2180 3901 son
2206 3839 2412 3918 appel.

231 3961 583 4026 innocent
615 3965 714 4038 1⁰,
745 3960 942 4022 avant
969 3959 1183 4022 meme
1212 3958 1459 4021 d'avoir
1487 3955 1776 4021 entendu
1800 3956 1892 4017 les
1921 3953 2181 4034 partieS,
2204 3952 2418 4016 arreta

226 4078 464 4161 qu'en
494 4074 832 4138 attendant
858 4074 919 4136 le
943 4073 1287 4154 Jugement
1312 4072 1393 4135 de
1417 4073 1579 4135 cette
1610 4088 1827 4147 cause,
1853 4070 1915 4131 la
1941 4069 2244 4132 sentence
2274 4086 2415 4150 por-

224 4193 343 4256 tee
397 4192 637 4254 contre
666 4189 835 4252 saint
861 4188 1307 4270 chrysostome
1342 4185 1628 4249 n’aurait
1653 4202 1870 4248 aucun
1897 4184 2063 4262 edet,
2100 4185 2321 4266 etque
2350 4184 2414 4246 la

218 4305 697 4373 communion
740 4304 1101 4385 episcopale
1144 4302 1241 4366 lui
1272 4301 1467 4365 serait
1498 4299 1870 4364 continuee.
1925 4300 1975 4363 ll
2016 4299 2139 4362 cita
2166 4298 2420 4363 ensuite

214 4428 293 4491 et
321 4423 807 4504 Chrymome
847 4424 913 4485 et
949 4419 1301 4500 Theophile
1331 4417 1369 4481 a
1395 4423 1596 4482 Rome
1628 4434 1795 4496 pour
1820 4414 1956 4478 etre
1997 4413 2186 4496 juges
2214 4432 2338 4495 par
2355 4414 2416 4477 le

211 4539 510 4607 concile
528 4557 657 4621 que
683 4539 745 4601 le
769 4542 934 4618 Pape
963 4534 1178 4599 devait
1202 4552 1246 4615 y
1269 4549 1660 4614 convoquer.
1702 4552 1736 4591 <c
1757 4531 1979 4612 Itaque
2006 4530 2064 4593 si
2084 4527 2416 4593 couscien-
