3038 5623
728 835 1167 898 OPERATIONS
1226 852 1326 897 nu
1383 851 1685 899 conclus
1737 854 1981 921 pamm,
2036 855 2190 904 ETC.
2397 838 2545 907 475

417 988 588 1053 saint
609 990 801 1055 Leon.
835 994 915 1055 Ge
939 997 1102 1072 Pape
1123 991 1220 1055 lui
1243 1009 1326 1055 en
1360 992 1436 1055 fit
1462 992 1541 1056 de
1566 992 1816 1057 severos
1839 994 2180 1075 reproches
2211 1012 2228 1056 ε
2264 1017 2299 1055 ι(
2322 996 2547 1074 Quand

415 1126 449 1164 ι)
479 1104 720 1184 meme,
747 1106 842 1169 lui
881 1105 1076 1185 dit-il,
1123 1099 1426 1189 l’Eveque
1461 1125 1546 1171 en
1583 1108 1880 1190 question
1924 1109 2138 1172 aurait
2170 1111 2446 1175 commis
2485 1113 2553 1176 la

414 1241 447 1279 1>
481 1220 657 1284 faute
690 1221 756 1284 la
795 1222 941 1302 plus
976 1220 1267 1298 enorme,
1306 1222 1353 1285 il
1377 1222 1579 1285 fallait
1601 1222 1893 1287 attendre
1918 1227 2102 1287 notre
2132 1226 2288 1289 aviS.
2322 1228 2549 1290 Nostra

415 1358 446 1394 »
482 1334 622 1398 erat
664 1336 1050 1416 expectanda
1095 1354 1393 1415 censura,
1444 1339 1521 1400 ut
1564 1336 1729 1401 nihil
1766 1338 1945 1419 prius
1993 1339 2127 1419 ipse
2174 1338 2557 1405 decerneres

416 1472 447 1510 n
486 1466 687 1532 quam
713 1449 871 1532 quid
911 1450 1098 1515 nohis
1137 1452 1415 1531 placeret
1441 1470 1842 1534 agnosceres.
1878 1453 2064 1519 vices
2091 1455 2273 1518 enim
2300 1458 2561 1519 nostras

414 1589 445 1623 ι»
485 1564 575 1628 ita
620 1566 750 1629 tuae
775 1565 1170 1631 credidimus
1191 1567 1466 1645 caritati,
1506 1569 1584 1631 ut
1609 1568 1680 1631 in
1704 1569 1957 1649 partem
1982 1569 2069 1633 sis
2092 1571 2357 1634 vocatus
2378 1570 2555 1634 solli·

417 1701 454 1740 »
483 1680 820 1760 citudinis,
846 1699 982 1745 non
1009 1682 1081 1745 in
1109 1682 1583 1763 plenitudinem
1617 1684 1965 1764 potestatis,
1996 1707 2029 1743 n

499 1801 586 1860 La
611 1796 966 1877 deposition
1007 1797 1165 1861 d’un
1208 1797 1466 1879 Eveque
1494 1800 1594 1861 est
1624 1798 2271 1864 incontestablement
2302 1817 2432 1863 une
2457 1800 2565 1863 af—

420 1911 579 1976 faire
603 1911 715 1994 qui
741 1911 1056 1976 interesse
1074 1912 1405 1977 vivement
1432 1931 1563 1977 une
1592 1913 1814 1995 eglise,
1839 1933 1933 1978 un
1960 1914 2230 1980 diocese.
2253 1918 2364 1994 Or,
2386 1915 2541 1980 l’em

420 2044 658 2109 pereur
683 2025 1006 2091 Justinien
1037 2045 1206 2090 nous
1239 2029 1461 2092 atteste
1500 2046 1627 2110 que
1665 2029 1761 2093 les
1790 2047 2010 2093 causes
2039 2029 2117 2093 de
2145 2031 2307 2094 cette
2335 2030 2571 2094 nature

419 2143 662 2207 etaient
687 2143 983 2223 toujours
1026 2142 1277 2223 portees
1316 2142 1354 2207 a
1389 2144 1452 2206 la
1493 2144 1949 2208 connaissance
1984 2143 2073 2207 du
2115 2143 2507 2225 Saint-Siege
2543 2162 2565 2207 τ

426 2280 461 2318 (ι
488 2262 614 2323 Nec
638 2257 818 2322 enim
849 2257 1135 2338 patimur
1157 2257 1521 2340 quidquam
1551 2258 1726 2340 quod
1762 2258 1841 2322 ad
1872 2258 2288 2322 ecclesiarum
2321 2259 2563 2322 statum

420 2394 454 2432 »
488 2372 786 2454 pertinet,
817 2372 1116 2455 quamvls
1144 2372 1569 2437 manifestum
1598 2374 1663 2436 et
1702 2373 2140 2436 indubitatum
2175 2374 2280 2449 sit,
2312 2377 2386 2436 ut
2427 2390 2561 2436 non

421 2508 456 2547 >³
487 2489 720 2551 vestrae
745 2487 1108 2552 innotescat
1135 2488 1491 2566 sanctitati,
1521 2488 1677 2570 quia
1698 2490 1889 2569 caput
1909 2490 2004 2551 est
2037 2488 2339 2552 omnium
2369 2506 2565 2552 sanc-

420 2624 456 2664 »
484 2605 701 2666 tarum
724 2603 1161 2667 ecclesiarum.
1187 2625 1220 2662 ι»
1249 2603 1476 2682 (Lettre
1499 2621 1585 2667 au
1609 2621 1767 2685 pape
1790 2607 1948 2667 Jean
1973 2608 2050 2680 11,
2074 2603 2237 2668 citee
2259 2621 2375 2685 par
2403 2603 2562 2667 dom

423 2721 753 2798 coustant,
793 2738 922 2801 pr„
946 2739 1009 2801 p.
1048 2722 1170 2798 17.)

507 2840 666 2899 Vers
685 2836 817 2899 l'an
839 2843 983 2912 445,
1008 2836 1072 2899 le
1086 2853 1249 2917 pape
1269 2834 1482 2917 Vigile
1504 2834 1767 2899 ecrivait
1795 2835 1832 2898 a
1856 2835 2147 2918 l’eveque
2171 2834 2512 2899 Eleuthere
2541 2852 2563 2897 t

434 2975 465 3012 α
494 2951 592 3015 Ad
617 2957 975 3016 Romanam
1000 2950 1351 3015 Ecclesiam
1395 2968 1659 3014 summa
1696 2951 2157 3031 Episcoporum
2200 2949 2454 3031 negotia
2498 2949 2567 3013 et

423 3090 455 3127 »
489 3044 735 3147 j'udicia
782 3067 972 3149 atque
1019 3066 1296 3148 querelae
1339 3066 1525 3148 quasi
1565 3064 1645 3128 ad
1696 3067 1888 3146 caput
1929 3082 2183 3146 semper
2229 3062 2566 3128 referenda

435 3207 461 3240 n
493 3184 666 3247 sunt.
699 3204 733 3243 >³
778 3181 948 3260 (Chr.
979 3181 1172 3258 Wolf,
1216 3182 1263 3244 t.
1311 3185 1388 3259 V,
1436 3200 1499 3262 p.
1553 3184 1718 3259 340.)
1762 3183 1893 3255 Que
1938 3180 2339 3260 pourra-t-on
2383 3195 2562 3242 com-

429 3299 705 3380 prendi-e
725 3299 886 3362 dans
908 3299 969 3362 la
992 3296 1313 3379 categorie
1337 3295 1447 3360 des
1468 3314 1692 3360 causes
1711 3296 2066 3378 exprimees
2088 3313 2206 3377 par
2226 3314 2329 3360 ces
2352 3296 2519 3358 mols
2543 3310 2563 3355 z

434 3417 688 3480 summa
714 3415 1164 3497 Episcoporum
1188 3414 1435 3494 nepotia
1471 3419 1525 3474 et
1550 3412 1798 3494 judicia
1824 3418 2009 3493 atque
2033 3411 2317 3492 querelae,
2349 3409 2403 3473 si
2430 3409 2563 3472 l'on

434 3530 543 3612 n'y
573 3530 922 3611 comprend
946 3530 1010 3594 la
1037 3529 1384 3611 deposition
1411 3527 1572 3591 d’un
1602 3526 1905 3610 Eveque‘!

513 3646 631 3710 Des
655 3647 783 3710 l’an
817 3653 958 3726 342,
986 3646 1045 3710 le
1074 3663 1232 3726 pape
1266 3645 1441 3708 Jules
1471 3648 1563 3721 1⁰¹,
1597 3660 1682 3707 au
1715 3643 1884 3723 sujet
1920 3641 2001 3706 de
2043 3642 2104 3705 la
2135 3642 2435 3705 sentence
2463 3656 2569 3721 sy·

433 3760 662 3826 nodale
691 3780 807 3844 par
837 3761 1110 3844 laquelle
1135 3761 1226 3824 les
1251 3758 1604 3823 Eusebiens
1632 3759 1887 3822 avaient
1914 3756 2143 3838 de'pose
2175 3756 2345 3820 saint
2370 3755 2567 3818 Atha-

434 3893 614 3955 nase,
648 3876 793 3940 leur
821 3875 1129 3940 adressait
1156 3894 1227 3939 ce
1252 3874 1562 3956 reproche
1601 3892 1618 3936 z
1660 3897 1689 3934 «
1724 3876 1822 3936 An
1867 3871 2175 3954 ignoratis
2217 3871 2388 3934 hanc
2427 3885 2569 3934 esse

436 4012 469 4050 n
500 3989 1040 4056 consuetudinem
1067 3991 1143 4053 ut
1170 3989 1460 4070 primum
1498 3988 1686 4052 nobis
1727 3987 2067 4063 scribatur,
2102 3987 2169 4051 et
2206 3983 2359 4048 hinc
2394 3982 2568 4066 quod

435 4127 468 4166 »
498 4109 754 4187 justum
781 4107 879 4171 cst
903 4106 1306 4171 decernatur.
1340 4109 1505 4169 Sane
1534 4104 1587 4168 si
1616 4121 1747 4186 qua
1785 4100 2165 4183 hujusmodi
2194 4099 2470 4180 suspicio
2492 4098 2565 4162 in

437 4243 470 4281 n
500 4223 674 4287 illius
696 4215 880 4288 urbis
904 4224 1287 4305 Episcopum
1316 4219 1604 4298 cadebat,
1636 4218 1714 4283 ad
1741 4217 1910 4282 hanc
1931 4216 2275 4282 Ecclesiam
2308 4217 2566 4294 (Roma-

441 4358 474 4396 n
505 4345 683 4413 nam)
709 4337 1123 4403 scribendum
1154 4337 1300 4400 fuit.
1326 4340 1511 4400 Nunc
1535 4335 1754 4400 autem
1779 4334 1897 4411 illi,
1922 4351 1996 4397 rc
2020 4331 2208 4396 nobis
2236 4348 2370 4394 non
2395 4327 2570 4393 indi·

438 4471 471 4511 υ
505 4456 683 4532 cata,
731 4456 1148 4536 posteaquam
1192 4451 1364 4535 quod
1408 4449 1605 4514 libuit
1638 4466 1868 4530 egere,
1893 4466 2101 4513 nos...
2147 4447 2268 4512 sibi
2299 4446 2567 4510 demum

439 4588 472 4627 »
508 4569 962 4651 suffragatores
989 4585 1123 4632 esse
1146 4568 1402 4632 volunt.
1433 4589 1469 4626 n
1501 4566 1844 4645 (Constant,
1872 4581 2018 4646 pag.
2050 4565 2224 4640 387.)
