3038 5623
468 798 866 846 rnnsomms
921 798 1347 845 composam
1397 798 1486 844 LE
1548 798 1875 862 conclu-3,
1940 799 2095 846 1·:·rc.
2225 777 2360 847 129

244 961 268 998 n
294 957 504 1003 omnes
541 940 841 1005 accedere
879 957 1014 1004 non
1046 942 1394 1023 coguntur,
1434 940 1545 1004 scd
1583 940 1628 1003 ii
1664 941 1922 1003 tantum
1955 940 2067 1023 qui
2099 939 2177 1027 de
2211 942 2365 1022 ‚iure

242 1077 265 1114 υ
290 1056 383 1119 vel
423 1054 890 1119 consuetudine
943 1054 1254 1118 interesse
1295 1055 1537 1119 debent
1582 1072 1657 1119 ex
1699 1054 1953 1119 concilii
1997 1055 2362 1120 Tridentini

240 1193 265 1231 »
290 1170 478 1251 capite
513 1168 798 1234 secundo
835 1170 1136 1234 sessionis
1166 1177 1279 1248 24,
1317 1170 1381 1234 et
1410 1168 1481 1232 hi
1517 1187 1743 1233 vocem
1782 1171 1846 1233 et
1877 1172 2105 1233 votum
2142 1169 2364 1235 decisi-

240 1308 262 1345 »
287 1305 433 1350 vum
459 1287 528 1350 in
556 1304 634 1350 eo
665 1285 927 1365 habent.
970 1290 1212 1349 Eorum
1241 1286 1459 1349 autem
1491 1287 1938 1365 procuratores
1965 1304 2190 1349 vocem
2219 1287 2363 1349 tan-

239 1425 261 1459 »
287 1403 417 1465 tum
454 1401 890 1465 consultivanl
932 1400 1172 1464 habere
1211 1401 1517 1482 possunt,
1559 1402 1633 1464 ut
1667 1400 1958 1465 decisum
1993 1401 2191 1466 fuisse
2232 1403 2359 1466 tes-

239 1540 263 1575 »
287 1519 446 1580 tatur
472 1522 701 1580 Franc.
734 1520 858 1580 Leo
890 1517 990 1595 (in
1012 1514 1342 1581 Thesauro
1371 1517 1492 1579 for.
1521 1516 1674 1580 eccl.
1708 1518 1871 1597 part.
1903 1526 1960 1594 1,
1989 1536 2046 1581 c.
2076 1525 2138 1597 9,
2171 1537 2232 1599 p.
2268 1521 2323 1598 7)
2334 1543 2352 1599 3

238 1654 262 1689 ι)
287 1633 386 1714 qui
426 1633 878 1715 procuratores
927 1632 999 1695 in
1050 1649 1125 1695 ea
1177 1631 1395 1695 sedere
1446 1631 1693 1695 habent
1727 1632 1868 1712 post
1912 1634 2358 1713 procuratores

239 1769 261 1804 »
289 1748 737 1828 Episcoporum
773 1746 1214 1811 absentium.»
1257 1745 1699 1826 (Tamburin.,
1736 1744 1816 1808 de
1851 1749 2006 1810 Jure
2044 1747 2354 1810 abbatum

236 1862 373 1944 disp.
404 1871 503 1942 24,
533 1864 786 1945 quaesit.
820 1870 882 1941 4,
916 1864 962 1926 t.
995 1866 1045 1940 I,
1074 1880 1136 1943 p.
1169 1862 1334 1943 336.)
1369 1865 1465 1926 On
1493 1861 1648 1938 voit,
1679 1858 1930 1943 d'apres
1966 1862 2067 1925 cet
2094 1863 2352 1942 auteur,

236 1997 338 2060 que
372 1979 461 2042 les
500 1978 697 2042 abbes
737 1980 854 2042 ont
889 1978 1039 2042 voix
1075 1977 1351 2041 decisive
1396 1976 1617 2060 quand
1659 1977 1737 2040 ils
1778 1978 1926 2041 sont
1964 1978 2153 2039 tenus
2190 1976 2356 2041 d'as-

235 2094 388 2156 sister
415 2111 500 2156 au
526 2093 808 2173 concile3
841 2112 940 2173 or,
966 2094 1061 2157 les
1088 2092 1286 2156 abbes
1311 2093 1424 2175 qui
1456 2093 1573 2155 ont
1591 2091 1976 2173 juridiction
2002 2090 2355 2173 episcopale

235 2210 356 2271 sont
381 2210 573 2272 tenus
605 2207 954 2286 d'assister,
996 2207 1158 2271 ainsi
1190 2226 1319 2290 que
1352 2225 1517 2270 nous
1544 2223 1794 2270 venons
1822 2204 1900 2269 de
1927 2206 1987 2269 le
2014 2206 2178 2268 voir.

291 2327 365 2387 Le
407 2324 703 2388 cardinal
731 2325 913 2387 Petra
957 2322 1297 2405 s’exprime
1336 2322 1499 2385 ainsi
1538 2323 1618 2400 (t.
1648 2325 1700 2400 1,
1732 2339 1794 2402 p.
1828 2323 2026 2398 266):
2067 2321 2354 2385 «Praeter

229 2439 603 2520 »Episcopos
650 2440 1091 2520 suffraganeos
1135 2436 1349 2501 vocari
1394 2455 1623 2500 rursus
1669 2435 1906 2499 debent
1946 2437 2011 2498 et
2050 2434 2350 2500 accedere

228 2576 250 2612 ι)
273 2555 585 2636 coguntur
619 2553 733 2636 qui
764 2553 1286 2635 jurisdictionem
1317 2535 1505 2636 quasi
1541 2552 1963 2633 episcopalem
1997 2549 2241 2614 habent
2275 2549 2346 2613 in

227 2690 248 2726 υ
271 2669 597 2751 provincia
636 2668 1002 2747 existenteS,
1045 2668 1143 2731 uti
1186 2668 1447 2732 abbates
1488 2667 1601 2751 qui
1646 2666 1961 2749 populum
1999 2665 2244 2730 habent
2282 2666 2348 2729 et

226 2804 247 2842 a
273 2802 393 2849 non
423 2786 584 2849 sunt
611 2785 734 2849 sub
755 2783 1204 2867 jurisdictione
1238 2783 1552 2866 Episcopi,
1585 2783 1827 2867 quique
1856 2782 2164 2847 dicuntur
2191 2781 2344 2846 nul-

225 2920 250 2958 »
273 2901 490 2964 lius...»
543 2923 575 2959 α
595 2905 833 2964 Omnes
855 2900 1164 2982 praedicti,
1191 2900 1430 2964 scilicet
1453 2899 1765 2981 Episcopi,
1801 2899 2061 2962 abbates
2085 2898 2151 2962 et
2181 2915 2344 2978 prae-

227 3014 367 3078 »lati
403 3015 744 3079 inferiores
780 3015 1089 3080 habentes
1111 3015 1632 3098 jurisdictionem
1670 3015 1854 3096 quasi
1890 3014 2340 3096 episcopalem,

228 3149 251 3185 ¹>
274 3131 326 3192 et
342 3131 622 3212 capitula
646 3130 1116 3195 cathedralium
1140 3132 1406 3197 nomine
1429 3130 1804 3212 episcopalis
1833 3130 2000 3195 sedis
2027 3128 2343 3208 vacantis,

229 3268 251 3305 ι»
274 3242 498 3310 habent
529 3225 759 3311 voturn
787 3246 1167 3312 decisivum.
1188 3269 1220 3306 ›>
1255 3247 1478 3326 (Ibid.,
1509 3264 1576 3327 p.
1610 3249 1777 3325 267.)
