3038 5623
454 826 759 875 concae
813 829 1027 876 Pnov.
1074 830 1213 876 ma
1244 829 1569 877 mmm
1616 829 1714 876 ,m
1767 812 2251 875 sAm'r-sn-icn.
2363 809 2503 880 313

354 969 480 1047 vit,
508 970 585 1032 ut
614 968 736 1033 sibi
769 970 1024 1034 concilii
1053 970 1232 1035 illius
1263 970 1667 1035 emendicata
1698 969 1990 1051 obreptio
2025 971 2355 1051 praestaret
2390 989 2498 1035 or·

352 1083 802 1148 dinandorum
849 1086 1052 1149 veluti
1106 1086 1596 1167 Metropolitano
1646 1085 1717 1149 in
1762 1084 2166 1149 Narbonensi
2223 1085 2509 1150 secunda

354 1199 686 1280 provincia
713 1201 1112 1280 potestatem.

432 1336 465 1373 n
485 1316 817 1380 Jussimus
848 1317 1265 1399 praecipuam,
1291 1316 1480 1381 sicuti
1509 1334 1768 1398 semper
1797 1315 2049 1395 habuit,
2080 1318 2509 1399 Metropolita-

351 1448 480 1493 nus
511 1431 859 1513 Episcopus
880 1433 1356 1498 Arelatensium
1391 1432 1666 1496 civitatis
1698 1431 1769 1496 in
1798 1431 2179 1496 ordinandis
2218 1434 2509 1497 sacerdo·

347 1545 524 1609 tibus
566 1547 782 1611 teneat
815 1547 1288 1612 auctoritatem.
1327 1548 1803 1626 Viennensem,
1843 1548 2326 1612 Narbonensem
2369 1547 2505 1628 pri-

352 1678 533 1724 mam
567 1663 635 1725 et
677 1662 1162 1727 Narbonensem
1198 1662 1552 1729 secundam
1584 1661 1948 1743 provincias
1981 1661 2063 1726 ad
2096 1663 2505 1744 pontificium

350 1792 547 1839 suum
580 1778 854 1840 revocet.
879 1798 910 1836 n

429 1894 547 1954 Les
570 1891 871 1955 chicanes
890 1910 1008 1973 par
1036 1893 1378 1976 lesquelles
1405 1895 1682 1970 Quesnel
1711 1894 1962 1957 torture
1995 1910 2067 1956 oe
2094 1892 2210 1956 fait
2233 1909 2396 1974 pour
2416 1909 2499 1956 en

350 2003 579 2068 eluder
591 2006 654 2068 la
668 2005 1116 2088 consequence
1135 2009 1280 2071 sont
1292 2008 1515 2072 curieu
1522 2027 1642 2073 ses.
1660 2012 1742 2073 Le
1758 2010 1984 2072 savant
1999 2006 2320 2070 Christian
2333 2007 2510 2071 Wolf

346 2120 438 2183 les
456 2119 666 2184 refute
690 2138 775 2184 au
804 2121 1095 2201 chapitre
1124 2130 1200 2184 10
1219 2122 1300 2187 de
1333 2141 1448 2187 son
1483 2122 1677 2187 traite
1705 2123 1778 2187 de
1804 2123 2098 2187 Romanis
2120 2123 2497 2202 appellatio-

347 2235 551 2298 nibus.
585 2236 695 2300 Cet
721 2237 957 2301 auteur
992 2255 1238 2318 prouve
1257 2236 1420 2302 dans
1441 2256 1515 2302 ce
1540 2237 1756 2301 meme
1779 2236 2068 2317 chapitre
2094 2254 2221 2318 que
2244 2240 2500 2314 Lazare,

346 2349 589 2432 eveque
630 2349 837 2425 d'Aix‚
872 2351 936 2414 et
966 2343 1156 2415 Erote
1176 2399 1196 2429 ,
1247 2351 1654 2434 archeveque
1699 2350 1971 2428 d'ArleS,
2004 2368 2089 2415 en
2121 2349 2500 2432 appeterent

346 2464 801 2546 pareillement
826 2483 912 2530 au
946 2485 1108 2548 pape
1127 2467 1400 2543 zosime,
1434 2467 1549 2550 qui
1586 2467 1678 2530 les
1698 2466 2067 2531 condamna
2097 2466 2163 2529 et
2180 2465 2500 2529 confirma

344 2578 440 2644 les
468 2581 807 2645 sentences
832 2581 1170 2664 synodales
1192 2581 1339 2664 deja
1369 2582 1620 2664 portees
1645 2584 1868 2647 contre
1899 2600 2047 2646 eux.

426 2696 630 2776 Appel
655 2695 736 2760 de
765 2696 1076 2775 BricciuS,
1110 2696 1511 2780 archeveque
1549 2697 1629 2761 de
1659 2701 1890 2772 Toum,
1924 2714 2076 2761 sous
2104 2697 2167 2762 le
2198 2716 2356 2779 pape
2380 2703 2499 2763 Zo-

348 2809 535 2874 sime.
552 2846 636 2859 -
650 2815 755 2875 Un
767 2810 880 2876 des
902 2813 1141 2877 crimes
1156 2811 1238 2878 de
1253 2817 1510 2893 Lazare,
1534 2813 1776 2897 e'veque
1792 2813 1999 2892 d'Aix,
2020 2813 2253 2895 depose
2268 2832 2385 2897 par
2395 2819 2506 2877 Zo-

346 2927 535 3002 sime,
568 2928 743 2991 avait
770 2926 870 2991 ete
892 2946 1025 2992 une
1048 2928 1379 2992 calomnie
1403 2929 1457 2993 si
1486 2929 1639 2992 bien
1666 2928 1916 2992 tramee
1943 2931 2166 2993 contre
2195 2929 2501 3008 BricciuS,

344 3041 762 3124 archeveque‘
787 3042 868 3105 de
894 3047 1122 3122 TourS,
1156 3060 1282 3125 que
1311 3061 1383 3106 ce
1410 3043 1584 3107 saint
1611 3043 1823 3107 Prelat
1853 3043 1953 3106 fut
1990 3041 2270 3123 degrade
2297 3044 2363 3106 et
2384 3041 2500 3105 de-

346 3155 499 3237 pose
521 3173 641 3237 par
670 3158 973 3222 sentence
1011 3157 1340 3239 synodale,
1370 3159 1435 3221 et
1461 3157 1658 3239 qu'on
1685 3156 1822 3221 elut
1862 3155 1900 3220 a
1937 3174 2008 3220 sa
2036 3157 2213 3237 place
2234 3155 2502 3220 d'abord

341 3272 697 3349 Justinien‚
743 3274 808 3337 et
834 3273 1090 3337 ensuite
1120 3273 1522 3337 Armentius.
1564 3276 1673 3350 Or,
1711 3271 1878 3335 voici
1905 3289 1979 3336 ce
2007 3290 2135 3354 que
2165 3290 2331 3336 nous
2357 3291 2501 3353 rap-

342 3388 526 3467 porte
558 3386 597 3450 a
620 3405 693 3451 ce
722 3389 890 3469 sujet
918 3387 1090 3452 saint
1116 3387 1424 3470 Gregoire
1453 3387 1534 3450 de
1557 3391 1788 3466 Tours,
1808 3386 1974 3451 dans
2001 3388 2062 3451 le
2076 3386 2311 3452 second
2336 3387 2501 3451 livre

339 3499 419 3564 de
448 3519 566 3564 son
588 3502 892 3580 Histoire,
922 3501 1213 3584 chapitre
1233 3511 1261 3565 1
1303 3521 1320 3566 ε
1358 3527 1388 3560 α
1414 3502 1696 3567 Briccius
1715 3507 2022 3577 Romanae
2051 3503 2236 3568 urbis
2259 3508 2495 3584 Papam

338 3617 606 3698 expetiit
638 3617 804 3680 flens
847 3619 912 3681 et
951 3618 1240 3698 eiulans,
1274 3619 1467 3700 atque
1502 3618 1724 3684 dicens
1772 3638 1789 3681 ε
1842 3619 2069 3684 Merito
2106 3619 2247 3684 haec
2289 3621 2499 3701 patior

338 3732 495 3814 quia
538 3732 796 3813 peccavi
828 3732 900 3795 in
956 3734 1252 3796 sanctum
1301 3733 1410 3796 Dei
1458 3734 1529 3811 (il
1567 3734 1747 3815 parle
1795 3732 1876 3797 de
1927 3734 2100 3798 saint
2143 3735 2376 3798 Martin
2417 3734 2499 3798 de

342 3850 603 3927 Toum),
634 3849 701 3911 et
732 3865 889 3912 eum
907 3847 1187 3912 delirum
1217 3865 1291 3911 ac
1318 3849 1651 3913 amentem
1690 3867 1857 3930 saepe
1897 3849 2143 3926 vocavi,
2187 3849 2375 3928 cuius
2407 3849 2499 3912 vi-

337 3962 502 4026 dens
528 3963 808 4026 virtutes
838 3981 972 4027 non
1019 3962 1341 4027 credidi...
1378 3964 1461 4027 At
1482 3963 1770 4028 Briccius
1804 3963 2172 4045 episcopus,
2223 3967 2499 4028 Romam

336 4078 632 4154 veniens,
656 4078 890 4141 cuncta
912 4096 1062 4159 quae
1090 4078 1446 4159 pertulerat
1475 4084 1659 4160 Papae
1689 4079 1886 4142 refert
1890 4123 2013 4142 .....
2055 4077 2339 4158 Septimo
2367 4079 2500 4160 igi-

335 4193 446 4255 tur
470 4210 806 4274 regressus
826 4209 1003 4256 anno
1021 4210 1060 4256 a
1088 4196 1319 4270 Roma,
1351 4210 1504 4257 cum
1530 4193 1910 4258 auctoritate
1935 4199 2119 4276 Papae
2147 4194 2346 4273 illius,
2366 4200 2497 4259 Tu·-

337 4324 528 4371 rones
555 4307 770 4372 redire
797 4306 1104 4390 disponit.
1138 4340 1217 4355 —
1252 4310 1325 4370 Et
1351 4308 1623 4372 veniens
1657 4309 1740 4372 ad
1775 4309 2000 4374 vicum
2027 4311 2217 4391 cujus
2244 4328 2487 4375 nomen

334 4424 430 4485 est
449 4422 957 4501 Laudiacum...‚
983 4421 1393 4487 mansionem
1433 4423 1699 4505 accepit.
1729 4425 2105 4490 Armentius
2128 4443 2285 4489 vero
2309 4425 2487 4490 febre
2552 4423 2559 4429 ’

335 4537 700 4620 corripitur
726 4537 791 4602 et
822 4536 1035 4602 media
1056 4538 1243 4602 nocte
1272 4537 1581 4618 spiritum
1619 4538 1961 4604 exhalavit.
1992 4540 2171 4618 Quod
2198 4539 2491 4621 protinus
