3038 5623
444 825 732 873 conclu:
779 826 987 872 Pnov.
1034 826 1179 873 ru
1216 827 1546 874 upton
1578 826 1680 873 An
1712 813 2198 878 snm-smcn.
2306 807 2448 879 22⁷

340 989 366 1026 »
395 970 556 1048 sunt,
585 969 811 1032 contra
840 987 946 1031 me
977 967 1057 1031 ad
1088 968 1392 1049 pietatem
1424 971 1607 1033 tuam
1639 970 1918 1034 scribere
1957 989 2089 1034 non
2121 971 2451 1038 dubitave-

337 1105 364 1143 ι
393 1083 512 1153 rint
552 1103 659 1148 me
706 1102 840 1147 non
884 1085 1053 1147 recte
1094 1102 1306 1166 neque
1354 1084 1711 1148 secundum
1757 1085 2049 1150 Ecclesiae
2091 1087 2452 1152 doctrinam

337 1219 365 1256 »
392 1200 634 1278 sentire,
662 1200 913 1263 crimen
943 1217 1139 1263 suum
1169 1199 1240 1262 in
1264 1217 1371 1263 me
1395 1200 1677 1264 nitentes
1701 1202 2086 1281 transferre3
2120 1204 2453 1284 propterea

337 1336 363 1371 »
392 1315 734 1379 necessario
767 1314 933 1378 mihi
961 1319 1229 1380 Romam
1267 1314 1669 1379 veniendum
1707 1317 1771 1378 et
1797 1318 1859 1379 te
1896 1317 2453 1381 commonendum

334 1451 361 1487 n
388 1431 620 1511 putavi,
656 1448 785 1512 quo
820 1448 931 1494 eos
964 1431 1073 1512 qui
1110 1432 1333 1494 contra
1365 1448 1469 1494 me
1509 1430 1907 1512 scripserunt
1942 1449 2341 1497 accerseres:
2381 1434 2457 1496 ut

333 1565 365 1604 n
387 1564 525 1609 cum
548 1545 905 1624 venissent,
930 1544 1011 1608 de
1032 1545 1285 1609 dnobus
1312 1563 1350 1608 a
1379 1563 1487 1608 me
1513 1546 2088 1627 convincerentur3
2116 1548 2181 1611 et
2205 1549 2313 1612 illa
2345 1549 2462 1612 sei-

336 1661 527 1724 »licet
559 1661 722 1723 falsa
766 1678 903 1724 esse
943 1678 1090 1742 quae
1133 1661 1203 1724 in
1244 1679 1351 1724 me
1394 1661 1827 1742 scripserunt,
1874 1663 1938 1725 et
1973 1680 2083 1726 eos
2127 1662 2346 1727 adhuc
2391 1662 2458 1727 in

329 1795 361 1834 1»
383 1776 653 1856 pristino
676 1793 897 1839 errore
919 1794 1349 1856 perseverare.
1384 1776 1502 1840 Sed
1533 1794 1686 1840 cum
1719 1777 1813 1840 illi
1840 1777 2066 1841 venire
2098 1777 2459 1858 noluerint,

326 1909 358 1947 ι
385 1891 637 1955 tametsi
673 1891 1074 1972 presbyteros
1111 1891 1193 1954 ad
1230 1892 1400 1972 ipsos
1437 1892 1716 1969 miseris,
1757 1910 1877 1974 ego
1909 1910 2064 1955 vero
2104 1910 2279 1956 anno
2325 1909 2461 1957 uno

326 2024 355 2062 »
382 2006 564 2087 atque
593 2006 868 2087 integris
891 2007 1099 2070 tribus
1122 2008 1458 2070 mensibus
1476 2011 1697 2071 Romae
1728 2009 2168 2070 commoratus
2192 2006 2460 2086 fuerim,

325 2144 351 2179 n
381 2123 815 2187 necessarium
839 2122 1019 2201 duxi,
1043 2123 1425 2205 priusquam
1449 2123 1608 2186 hinc
1629 2121 2087 2203 proficiscerer,
2118 2122 2269 2185 fidei
2301 2141 2462 2186 meae

321 2256 351 2294 ι)
381 2238 840 2318 professionem
881 2256 1031 2302 cum
1075 2240 1255 2301 omni
1302 2239 1676 2302 sinceritate
1718 2254 1862 2300 mea
1902 2253 2106 2299 manu
2144 2237 2460 2317 perscrip-

321 2373 349 2408 ι
375 2353 503 2416 tam
536 2354 659 2417 tibi
688 2354 964 2431 tradere,
996 2355 1257 2437 qualem
1284 2353 1477 2417 didici
1512 2355 1710 2435 atque
1738 2371 1814 2415 ex
1843 2351 2085 2414 divinis
2113 2351 2462 2432 Scripturis

319 2486 351 2525 n
373 2466 635 2532 edoctus
670 2486 895 2532 sum.»
934 2470 1290 2547 (coustant,
1321 2487 1386 2550 p.
1421 2470 1590 2546 390.)

396 2585 691 2663 «Julius,
717 2585 1211 2649 ecclesiasticam
1234 2586 1449 2666 legem
1475 2586 1758 2659 secum&
1783 2583 1848 2646 et
1872 2583 2044 2663 ipsos
2069 2581 2464 2645 Eusebianos

319 2718 351 2755 ι
372 2701 647 2764 Romam
678 2701 905 2765 venire
929 2702 1144 2782 jussit,
1173 2704 1237 2765 et
1257 2700 1688 2765 Athanasium
1718 2699 1800 2762 ad
1827 2716 2089 2762 causam
2117 2696 2461 2761 dicendam

313 2835 345 2872 υ
369 2819 682 2881 evocavit.
705 2840 735 2876 ι)
775 2816 1188 2897 (Theodoret,
1219 2817 1379 2881 Hist.
1413 2818 1598 2892 eccl„
1628 2816 1744 2881 liv.
1777 2823 1840 2894 Ξ,
1870 2815 2056 2897 chap.
2093 2816 2178 2893 4.)

381 2934 533 2996 L’an
557 2940 675 2996 371
690 2981 712 3012 ,
733 2933 904 2997 saint
916 2933 1123 2997 Basite
1145 2934 1416 3013 conjure
1431 2933 1490 2996 le
1506 2951 1665 3013 pape
1690 2932 1863 2995 saint
1879 2936 2146 2994 Damase
2166 2928 2248 2992 de
2269 2927 2464 2992 venir

309 3060 385 3108 au
414 3063 687 3112 secours
717 3047 828 3111 des
858 3047 1088 3130 eglises
1117 3047 1402 3112 d'Orient
1429 3046 1765 3112 ebranlees
1796 3065 1913 3128 par
1940 3044 2260 3122 l'heresie,
2291 3042 2461 3107 etde

304 3156 391 3223 les
422 3161 591 3227 faire
617 3162 851 3226 visiter
876 3181 995 3243 par
1021 3162 1135 3226 des
1161 3163 1427 3245 Legats:

385 3298 417 3336 (ι
435 3279 679 3341 Omnis
711 3297 875 3359 pene
911 3280 1158 3356 Oriens,
1187 3280 1371 3359 pater
1396 3275 1873 3352 colendissime,
1903 3273 2154 3354 ingenti
2188 3270 2464 3353 procella

298 3409 329 3448 υ
357 3392 419 3455 et
467 3394 858 3475 tempestate
901 3394 1398 3475 exagitatur.....
1448 3397 1770 3457 Horumce
1814 3390 2143 3453 malorum
2184 3386 2460 3450 unicum

296 3523 328 3563 v>
355 3525 492 3572 esse
531 3508 916 3573 remedium
942 3510 1247 3573 duximus
1277 3509 1503 3572 vestrae
1535 3504 2118 3570 commiserationis
2153 3500 2464 3565 visitatio-

291 3643 318 3678 »
349 3641 507 3688 nem
515 3672 653 3689 .....
693 3623 883 3689 Viros
915 3623 1232 3707 quosdam
1269 3622 1540 3686 mittatis
1570 3620 1938 3697 unanimes,
1983 3618 2094 3701 qui
2125 3617 2230 3680 vel
2266 3615 2451 3678 dissi-

288 3754 325 3796 »
346 3736 583 3804 dentes
625 3739 814 3803 inter
844 3757 913 3803 se
946 3739 1365 3821 componant,
1406 3723 1511 3801 vel
1538 3737 1651 3800 Dei
1687 3734 1988 3799 ecclesias
2027 3730 2337 3795 reducant
2373 3727 2460 3791 ad

287 3869 318 3907 ι
344 3854 732 3918 amicitiam
740 3900 867 3918 .....
901 3855 1034 3920 Nisi
1064 3857 1204 3936 jam
1241 3854 1325 3918 ad
1359 3851 1758 3917 afferendam
1791 3867 1982 3931 opem
2020 3843 2458 3920 moveamini,

280 3967 517 4033 »intra
558 3987 817 4052 paucos
857 3969 1020 4048 dies,
1058 3987 1210 4033 cum
1252 3986 1359 4032 res
1392 3985 1621 4032 omnes
1657 3965 1727 4029 in
1770 3962 2034 4028 haeresis
2073 3959 2456 4041 potestatem

274 4101 305 4140 υ
334 4082 597 4148 fuerint
637 4083 947 4161 redactae,
992 4101 1203 4167 neque
1245 4083 1487 4165 quibus
1523 4080 1868 4164 porrigatis
1907 4094 2181 4142 manum
2220 4075 2462 4139 inven-

275 4215 304 4254 υ
333 4198 469 4264 turi
502 4199 767 4266 estis.»
808 4200 1162 4277 (Constant,
1202 4218 1267 4279 p.
1300 4202 1466 4277 475.)
