3038 5623
616 877 645 945 1
666 877 754 946 18
1322 876 1704 941 numanam
1756 895 2039 942 mann.

602 1055 817 1105 unum
840 1041 1084 1104 morale
1110 1056 1339 1121 corpus
1357 1038 1784 1118 constituunt,
1803 1056 1921 1103 ceu
1943 1039 2184 1120 optime
2206 1040 2387 1103 notat
2406 1038 2754 1103 cardinalis

601 1154 682 1219 de
704 1158 874 1219 Luca
888 1180 906 1236 3
941 1154 1100 1219 adeo
1111 1156 1192 1217 'ut
1215 1153 1285 1217 in
1309 1152 1537 1218 eodem
1561 1153 1708 1217 actu
1738 1171 1776 1217 a
1804 1154 2063 1235 proprio
2088 1153 2356 1218 Praeside
2381 1154 2562 1217 nulla
2600 1171 2750 1234 pos-

602 1269 738 1335 sint
755 1269 1004 1334 ratione
1027 1268 1335 1351 disjungi.
1371 1267 1758 1350 Hujusmodi
1783 1269 2107 1352 siquidem
2139 1269 2505 1333 intellectus
2533 1269 2751 1332 maxi-

606 1401 787 1449 mam
811 1384 1051 1449 habere
1080 1383 1339 1448 videtur
1377 1384 1877 1467 congruentiam
1908 1384 1979 1447 in
2008 1401 2184 1462 casu,
2212 1384 2572 1465 praesertim
2595 1401 2754 1448 cum

604 1499 680 1563 in
710 1499 989 1581 praefatis
1012 1499 1510 1563 resolutionibus
1533 1498 1611 1563 de
1652 1499 2164 1581 Arcbiepiscopis
2205 1501 2459 1582 agatur,
2489 1498 2757 1563 iisdem·

607 1632 737 1697 que
764 1614 1187 1696 praecedentia
1227 1615 1558 1679 tribuatur
1584 1617 1828 1679 attenta
1856 1616 2223 1698 majoritate
2262 1615 2524 1698 graduS,
2562 1616 2655 1679 ita
2680 1615 2759 1679 ut

607 1747 761 1795 cum
794 1731 1110 1812 proposita
1141 1730 1348 1812 specie
1376 1733 1640 1812 plenam
1670 1730 1844 1794 haud
1872 1730 2215 1794 exhibeant
2242 1730 2673 1795 identitatem.

690 1847 839 1910 Post
878 1846 1016 1910 haec
1045 1863 1519 1928 supervacanea
1548 1846 1773 1927 procul
1819 1845 2017 1910 dubio
2058 1844 2313 1911 videtur
2352 1846 2567 1926 tertia,
2612 1862 2762 1929 quae

608 1961 1013 2043 proponitur,
1058 1962 1344 2044 quaestio.
1373 1961 1708 2044 Siquidem
1735 1962 2081 2043 Episcopus
2112 1963 2471 2044 exemthS,
2515 1961 2597 2026 de
2628 1979 2761 2045 quo

609 2075 903 2159 loquitur
922 2077 1381 2141 Tridentinum
1411 2075 1480 2140 in
1502 2077 1803 2157 superius
1823 2077 2017 2141 citato
2034 2078 2263 2158 capite,
2285 2079 2381 2142 est
2408 2077 2761 2159 Episcopus

541 2217 563 2243 ·
610 2207 765 2256 cum
783 2190 1253 2273 jurisdictione,
1308 2192 1420 2274 qui
1451 2193 1521 2256 in
1553 2193 1821 2257 concilio
1852 2193 2255 2274 provinciali,
2290 2194 2478 2275 cujus
2519 2195 2755 2258 Metro-

613 2307 976 2389 politanum
1003 2308 1219 2391 elegit,
1245 2309 1377 2391 agit
1401 2310 1613 2389 partes
1636 2309 1968 2373 assessoris
2006 2310 2072 2373 et
2094 2308 2450 2391 conjudicis
2478 2327 2617 2372 non
2641 2309 2761 2372 ali-

615 2423 715 2486 ter
741 2441 814 2487 ac
837 2424 1124 2506 Episcopi
1152 2424 1543 2506 suffraganei
1558 2444 1579 2505 3
1624 2426 1688 2488 et
1728 2424 1835 2488 hic
1868 2423 2136 2505 proinde
2160 2425 2360 2489 sumit
2386 2424 2760 2506 praeceden-

616 2537 778 2601 tiam
805 2538 978 2602 inter
1011 2541 1271 2604 caeteros
1294 2540 1477 2621 juxta
1503 2539 1802 2603 ordinem
1833 2539 2200 2620 respectiva)
2234 2539 2665 2620 promotionis
2684 2540 2763 2604 ad

616 2652 1076 2734 episcopatum,
1096 2656 1289 2735 prout
1306 2654 1709 2718 unanimiter
1724 2651 1994 2717 tradunt
2012 2654 2384 2733 canonistae,
2410 2655 2475 2719 et
2496 2654 2547 2719 si
2554 2674 2770 2738 gnan-

617 2768 720 2833 ter
746 2769 1098 2833 Gallemart
1128 2768 1260 2852 (loc.
1295 2769 1432 2848 cit„
1455 2786 1521 2833 n.
1551 2771 1635 2849 2),
1663 2771 1985 2847 Quaranta
2010 2769 2143 2850 (loc.
2174 2772 2307 2850 cit„
2333 2789 2393 2854 q.
2424 2772 2520 2851 22)
2548 2772 2618 2836 et
2644 2776 2765 2836 Ze-

619 2884 758 2948 rola
791 2884 925 2966 (loc.
950 2885 1084 2963 cit„
1114 2902 1174 2967 q.
1207 2888 1292 2964 4),
1315 2883 1406 2948 ibi
1434 2902 1451 2947 ε
1480 2888 1825 2966 Exemptus
1848 2887 2198 2967 Episcopus
2220 2904 2349 2949 non
2367 2887 2573 2950 sedere
2596 2887 2767 2951 debet

618 3016 818 3080 supra
838 3017 1045 3064 omnes
1067 2998 1496 3081 suffraqaneos
1524 3018 1653 3064 non
1676 3010 2007 3081 exemptos,
2037 3002 2163 3066 nisi
2175 2982 2263 3066 =sii
2284 3002 2354 3065 in
2371 3003 2772 3084 promotione

621 3116 975 3198 antiquior:
1002 3116 1064 3180 et
1091 3115 1172 3179 ad
1198 3133 1342 3180 rem
1377 3116 1533 3180 citat
1561 3116 2023 3181 resolutionem
2064 3120 2124 3181 S.
2177 3117 2374 3199 hujus
2416 3134 2773 3200 congrega-

622 3230 848 3309 tionis;
871 3230 1066 3313 idque
1092 3232 1315 3295 contra
1345 3231 1723 3312 opinionem
1747 3231 1975 3314 glossae
2003 3233 2092 3312 (in
2115 3249 2249 3312 cap.
2278 3234 2401 3296 Per
2428 3239 2569 3295 tuas
2605 3241 2666 3311 7,
2694 3232 2766 3295 de

622 3345 857 3426 maJor.
884 3353 941 3410 et
967 3347 1134 3410 obed.
1161 3346 1417 3430 littera),
1449 3347 1564 3411 ubi
1591 3346 1828 3412 dicitur
1863 3346 1941 3410 de
1956 3349 2247 3428 exempto
2276 3346 2533 3412 :sedeat
2554 3348 2625 3411 in
2648 3365 2773 3410 me·

626 3461 774 3524 liori
796 3462 949 3525 loco.
974 3462 1379 3526 Servandum
1420 3478 1555 3526 esse
1592 3461 1823 3527 docent
1863 3463 2077 3527 Abbas
2104 3462 2191 3543 (in
2233 3469 2554 3525 comment.
2601 3461 2766 3526 add.

625 3592 764 3657 cap.
791 3594 858 3639 n.
893 3579 951 3657 1)
977 3578 1041 3640 et
1069 3576 1412 3641 cardinalis
1440 3579 1625 3641 Petra
1662 3579 1797 3658 (loc.
1830 3578 1961 3656 cit„
1996 3595 2172 3641 num.
2208 3583 2274 3639 61
2314 3575 2775 3656 et62)‚ubide·

626 3692 1046 3757 clar-ationem
1074 3692 1298 3774 glossae
1326 3692 1414 3756 ita
1444 3692 1813 3757 doctissime
1840 3692 2182 3757 concordat
2235 3709 2251 3754 ε
2284 3695 2423 3756 Hoc
2456 3691 2768 3773 procedit,

629 3808 879 3891 quando
925 3810 1055 3872 sint
1067 3826 1259 3889 pares
1283 3808 1352 3871 in
1379 3807 1792 3879 ordinatione,
1848 3826 1993 3870 cum
2019 3824 2149 3870 non
2177 3806 2256 3869 sil
2287 3806 2567 3870 habenda
2601 3806 2771 3870 ratio

628 3923 968 4005 diqnitatis.
999 3928 1088 3990 Et
1110 3925 1199 3989 sic
1215 3924 1341 4007 tuit
1363 3924 1744 3989 declaratum
1772 3941 1814 3988 a
1830 3922 2127 4005 Greqorio
2155 3925 2344 3999 XIII,
2367 3930 2656 4004 utsupra
2679 3939 2771 3985 re-

633 4039 761 4102 lato
785 4056 828 4103 a
852 4040 1167 4104 Genumse
1198 4038 1288 4119 (in
1321 4057 1462 4121 cap.
1496 4045 1600 4118 89,
1624 4056 1691 4102 n.
1721 4038 1847 4120 15).
1879 4038 1972 4102 Et
2000 4039 2086 4102 sic
2113 4035 2433 4102 observari
2459 4038 2527 4099 in
2562 4034 2770 4100 Gallia

633 4152 799 4218 docet
820 4154 1054 4218 Cassan
1083 4154 1175 4232 (in
1204 4154 1385 4218 catal.
1414 4154 1574 4235 οἱον.
1607 4155 1853 4232 mund,
1865 4160 2039 4234 part.
2066 4160 2129 4232 4,
2161 4151 2395 4216 consid.
2420 4154 2542 4229 44).
2571 4155 2774 4216 Immo

631 4269 1000 4350 Episcopus,
1027 4269 1139 4351 qui
1165 4268 1288 4351 fuit
1316 4269 1497 4351 prius
1529 4268 2063 4349 Archiepiscopus‚
2094 4269 2284 4331 etiam
2311 4266 2647 4331 secundum
2678 4282 2770 4328 or-

632 4384 973 4450 dinationis
1002 4392 1238 4465 tempus
1257 4386 1463 4448 locum
1483 4384 1731 4462 obtinet,
1742 4383 1942 4467 juxta
1970 4383 2445 4448 declarationem
2465 4382 2609 4445 dicti
2626 4380 2774 4447 Gre-

632 4500 803 4583 9orii
822 4500 1109 4564 allatam.
1148 4502 1230 4565 In
1259 4501 1498 4565 actibus
1535 4500 1812 4564 videlicet
1852 4500 2254 4564 conciliorum
2291 4496 2769 4581 provincialium

634 4616 1074 4683 attendendum
1100 4624 1188 4682 est
1214 4623 1453 4698 tempus
1480 4615 1900 4680 ordinationis
1924 4616 2396 4697 Episcoporum,
2423 4631 2551 4677 non
2575 4615 2774 4675 autem
