3038 5623
671 801 1112 864 ornna‘rmus
1162 815 1262 864 nu
1313 812 1615 865 coneum
1668 817 1915 876 Paov...
1980 817 2131 867 Ero.
2337 798 2468 869 411

343 980 378 1019 ι)
407 960 685 1042 ligenter
735 958 1238 1037 custodiantur,
1254 959 1565 1040 jubemus
1624 974 2168 1043 unumquemque
2212 961 2479 1025 beatum

341 1096 373 1135 ι)
408 1074 969 1158 Archiepiscopum
1003 1076 1066 1139 et
1094 1073 1531 1141 patriarcham
1556 1077 1619 1140 et
1653 1075 2120 1155 Metropolitam
2148 1075 2475 1140 sanctissi-

340 1212 372 1250 »
412 1209 550 1258 mos
591 1190 927 1273 Episcopos
956 1190 1076 1254 sub
1110 1207 1178 1255 se
1225 1182 1603 1255 constitutos
1632 1189 1702 1254 in
1725 1188 1953 1255 eadem
1998 1190 2328 1271 provincia
2374 1208 2475 1257 se·

340 1329 376 1365 »
408 1306 541 1370 mel
569 1307 683 1370 aut
729 1304 1008 1369 secundo
1041 1323 1154 1385 per
1184 1304 1475 1386 singulos
1512 1322 1719 1368 annos
1750 1303 1907 1387 (ἅπαξ
1936 1305 1971 1379 ἤ
1998 1306 2073 1374 δὶς
2101 1308 2220 1366 καθ’
2255 1305 2476 1373 ἕκαστον

341 1444 372 1485 ι
407 1422 540 1501 ἔτος)
568 1421 650 1486 ad
673 1439 739 1485 se
769 1437 1145 1497 convocare,
1176 1421 1241 1484 et
1261 1437 1484 1484 omnes
1507 1438 1733 1485 causas
1757 1421 2081 1486 subtiliter
2103 1422 2475 1487 examinare

337 1559 370 1598 n
407 1555 568 1621 quas
595 1537 882 1619 Episcopi
914 1538 1029 1601 aut
1060 1534 1358 1601 monachi
1386 1536 1466 1601 ad
1486 1537 1768 1603 invicem
1793 1538 2061 1618 habent,
2092 1556 2328 1621 easque
2351 1538 2475 1605 dis-

341 1678 369 1713 »
406 1669 668 1735 ponere,
695 1652 757 1715 et
786 1669 978 1732 super
1007 1651 1131 1717 hoc
1159 1651 1475 1734 quidquid
1506 1655 1684 1718 extra
1713 1628 1972 1735 regulas
2000 1671 2037 1720 a
2065 1672 2476 1738 quacumque

336 1791 372 1831 υ
405 1783 679 1850 persona
709 1766 1116 1849 delinquitur
1147 1767 1522 1835 emendare.
1549 1789 1580 1827 ›>
1619 1770 1881 1850 (Corpus
1917 1769 2094 1835 civile
2117 1768 2196 1835 dc
2225 1769 2471 1852 Vitray,

336 1888 382 1955 t,
415 1889 490 1963 Π,
520 1900 683 1965 page
707 1885 876 1961 489.)

312 2008 317 2009 ’
417 2001 568 2063 L’an
602 2006 780 2078 1515,
813 1999 974 2063 dans
1004 1999 1065 2062 le
1099 1997 1344 2062 concile
1368 1998 1819 2082 oecumenique
1842 1999 1921 2064 de
1959 2001 2220 2081 Latran,
2262 2000 2469 2066 l'obli·

336 2115 553 2198 gation
573 2114 652 2179 de
679 2113 968 2181 celebrer
996 2115 1087 2179 les
1117 2113 1390 2196 synodes
1418 2114 1840 2196 provinciaux
1862 2116 1964 2181 fut
1985 2115 2235 2181 reduite
2262 2116 2300 2180 a
2329 2118 2471 2181 tous

330 2232 421 2296 les
444 2232 600 2297 trois
629 2249 772 2310 anS,
802 2249 919 2313 par
957 2231 1018 2297 16
1048 2248 1308 2313 passage
1343 2231 1604 2296 suivant
1626 2229 1705 2295 de
1740 2230 1806 2295 la
1848 2232 2023 2295 bulle
2054 2232 2364 2313 Reyimini
2391 2232 2470 2299 (16

329 2346 499 2412 Leon
544 2351 623 2426 X,
680 2346 941 2428 publice
983 2365 1070 2411 au
1098 2364 1259 2413 nom
1300 2346 1390 2409 du
1415 2346 1681 2425 concile,
1707 2363 1885 2410 sacro
1909 2346 2293 2427 approbante
2320 2364 2468 2411 con-

329 2463 471 2528 cilio
502 2484 527 2529 .·
561 2488 591 2522 α
617 2462 865 2530 Mature
909 2460 1697 2546 quoqueconsideranteS,
1741 2460 1910 2543 quod
1954 2462 2097 2543 post
2119 2461 2355 2529 Christi
2385 2462 2468 2527 ad

336 2578 528 2644 coelos
557 2578 1023 2654 ascensionem,
1054 2577 1343 2659 Apostoli
1377 2595 1492 2659 per
1534 2576 1826 2658 singulas
1860 2577 2053 2641 urbes
2079 2578 2146 2642 et
2166 2575 2466 2643 dioeceses

328 2694 661 2777 Episcopus
697 2694 1194 2771 distribuerunt,
1238 2692 1403 2758 sicut
1441 2693 1664 2758 sancta
1705 2696 1996 2758 Romana
2036 2693 2312 2758 Ecclesia
2353 2711 2467 2775 per

327 2809 554 2874 orbem
581 2808 940 2888 constituit,
985 2807 1243 2876 eosdem
1275 2808 1612 2890 Episcopos
1640 2808 1709 2871 in
1740 2808 1988 2890 partem
2018 2807 2469 2874 sollicitudinis

326 2924 636 3004 vocand0,
662 2943 863 2989 onera
889 2924 1209 3007 gradatim
1234 2924 1681 2992 distribuendo
1707 2943 1823 3007 per
1860 2924 2285 3012 Patriarchas,
2326 2925 2474 2990 Pri--

330 3042 560 3118 mateS,
612 3040 1134 3123 Archiepiscopos
1173 3042 1237 3106 et
1273 3040 1646 3122 Episcopos3
1688 3058 1763 3103 ac
1805 3041 2002 3105 sacris
2037 3040 2236 3104 etiam
2266 3057 2461 3105 cano-

332 3156 526 3222 nibus
554 3156 752 3220 fuerit
778 3155 1145 3234 definitum,
1195 3174 1313 3236 per
1353 3173 1461 3220 eos
1496 3173 1614 3237 pro
1660 3173 1922 3220 morum
1952 3156 2372 3234 correctione,
2404 3157 2469 3222 et

327 3273 912 3338 controversiarum
953 3272 1276 3337 decisione
1321 3274 1386 3336 et
1425 3271 1980 3351 determinatione,
2024 3289 2100 3337 ac
2126 3272 2463 3337 mandato-

332 3404 480 3452 rum
511 3387 764 3454 Domini
793 3387 1239 3453 observatione
1265 3387 1408 3452 fieri
1433 3387 1668 3454 debere
1690 3388 2042 3453 concilium
2071 3387 2465 3472 provinciale

329 3520 405 3566 ac
434 3502 751 3584 synodum
779 3503 1226 3585 episcopalem,
1252 3504 1327 3566 ut
1349 3503 1692 3585 depravata
1723 3504 2231 3586 corrigerentur,
2254 3505 2320 3571 et
2356 3504 2467 3570 illa

321 3619 530 3686 facere
559 3620 958 3703 negligentes
980 3619 1307 3687 canonicis
1337 3620 1547 3702 poenis
1576 3621 2026 3703 subjacerent:
2058 3639 2212 3688 cum
2235 3639 2465 3687 conve-

318 3734 463 3804 -niat
489 3752 609 3799 nos
629 3734 801 3804 circa
838 3753 914 3802 ea
936 3753 1079 3818 quae
1107 3735 1582 3817 rempublicam
1610 3736 2035 3804 christianam
2061 3739 2464 3804 concernunt

322 3869 458 3919 esse
501 3852 807 3931 intentoS,
845 3851 1280 3918 desiderantes
1303 3870 1585 3920 canones
1613 3852 1781 3934 ipsos
1802 3851 2082 3919 firmiter
2110 3853 2460 3933 observari,

322 3967 567 4035 eisdem
595 3967 1008 4046 Patriarchis,
1055 3968 1470 4047 Primatibus,
1514 3968 2024 4050 Archiepiscopis
2052 3969 2117 4032 et
2139 3968 2462 4053 Episcopis

319 4084 605 4150 districte
636 4084 1049 4166 injungimus
1072 4086 1149 4148 ut
1170 4083 1248 4150 de
1269 4084 1480 4150 officio
1500 4084 1653 4166 ipsis
1671 4083 2016 4150 commisso
2038 4084 2310 4167 dignam
2335 4091 2460 4152 Deo

317 4201 565 4281 possint
615 4201 880 4266 reddere
921 4200 1266 4281 rationem,
1304 4218 1610 4280 canones,
1635 4201 1906 4268 concilia
1937 4204 2005 4267 et
2031 4202 2308 4285 synodos
2336 4204 2462 4270 hu-

314 4316 603 4397 iusmodi
650 4318 793 4382 fieri
848 4316 1268 4396 mandanteS,
1313 4334 1726 4400 quocumque
1781 4317 2118 4402 privilegio
2167 4337 2303 4386 non
2350 4320 2459 4384 ob-

321 4432 558 4511 stante,
608 4433 1066 4498 inviolabiliter
1095 4433 1479 4513 observent3
1510 4434 1945 4516 praeterquam
1980 4435 2192 4519 quoad
2234 4436 2453 4502 conci-
