3038 5623
611 806 756 874 224
1316 799 1708 863 'sumsimus
1761 816 2042 862 murm.
2083 854 2090 859 .

691 958 1011 1030 Ecoutons
1030 959 1201 1024 saint
1239 958 1539 1024 Jeromc:

698 1106 726 1138 «
756 1084 915 1144 Cum
935 1078 1003 1140 in
1025 1074 1265 1139 chartis
1286 1074 1727 1138 ecclesiasticis
1742 1076 2044 1153 Juvarem
2089 1078 2436 1136 Damasum
2462 1090 2751 1137 romanae

606 1224 637 1257 >2
675 1194 856 1259 urbis
875 1191 1258 1271 Episcopum
1278 1189 1343 1252 et
1367 1188 1645 1252 Orientis
1669 1188 1860 1269 atque
1884 1186 2237 1250 Occidentis
2260 1187 2581 1268 synodicis
2598 1206 2751 1251 con-

613 1336 644 1372 »
682 1307 1135 1374 sultationibus
1164 1304 1648 1385 responderem.
1674 1327 1711 1362 ι)
1738 1303 1955 1384 (Epist.
2002 1309 2063 1378 Ξ,
2092 1302 2174 1365 ad
2195 1301 2619 1382 Agenichiam
2664 1303 2758 1366 vi-

613 1426 860 1501 duam.)
2197 1481 2205 1489 .

691 1543 775 1601 Le
795 1536 1022 1600 savant
1048 1534 1196 1598 Chr.
1232 1533 1406 1596 Wolf
1437 1532 1554 1596 fait
1577 1551 1694 1596 sur
1721 1551 1792 1597 ce
1820 1550 2082 1614 passage
2112 1533 2203 1595 les
2232 1529 2576 1595 reflexious
2619 1531 2753 1594 sui-

616 1654 841 1717 vantes
873 1670 890 1712 ε

705 1789 736 1825 «
767 1764 1004 1828 Errant
1030 1762 1142 1844 qui
1171 1762 1542 1824 existimant
1585 1760 2097 1843 (Hieronymum)
2150 1761 2348 1824 fuisse
2401 1760 2761 1842 simplicem

616 1903 647 1941 ι)
684 1878 1129 1944 secretarium.
1163 1876 1449 1940 Notanda
1479 1877 1635 1938 sunt
1672 1878 1813 1957 ejus
1858 1875 2055 1939 verba
2095 1876 2407 1955 synodicis
2443 1877 2759 1939 consulta-

618 2018 649 2055 »
690 1994 960 2057 tionibus
995 2015 1016 2054 .·
1045 1991 1359 2055 evincunt
1401 1990 1663 2072 quasvis
1706 2008 1841 2052 non
1879 1991 2089 2053 solum
2144 1991 2500 2054 Occidentis
2550 1989 2662 2053 sed
2702 1991 2765 2053 et

616 2133 648 2170 »
685 2109 962 2173 Orientis
995 2106 1272 2188 synodos
1329 2105 1409 2168 ad
1451 2111 1688 2186 Papam
1746 2123 2001 2186 semper
2041 2106 2357 2170 retulisse.
2420 2127 2452 2163 n
2514 2105 2762 2183 (Dictat.

622 2228 683 2288 S.
708 2228 898 2303 Greg.
929 2226 1058 2300 Vll,
1093 2221 1173 2284 ad
1198 2239 1341 2283 can.
1371 2228 1498 2294 21.)

698 2342 982 2418 Lorsque
1015 2338 1073 2399 le
1106 2335 1324 2398 meme
1353 2336 1522 2398 saint
1552 2335 1805 2399 Jerome
1834 2335 2023 2399 doute
2053 2336 2152 2399 s'il
2182 2335 2277 2398 lui
2297 2336 2392 2398 est
2413 2336 2662 2416 permis
2690 2335 2769 2399 de

616 2453 754 2516 dire
778 2453 935 2534 qu’il
952 2469 996 2531 y
1024 2469 1062 2513 a
1090 2469 1175 2513 en
1197 2451 1353 2513 Dieu
1385 2451 1538 2513 trois
1574 2451 1947 2529 hypostases,
1975 2450 2126 2512 c'est
2153 2468 2234 2512 au
2260 2455 2433 2530 Pape'
2450 2449 2611 2531 qu'il
2656 2450 2770 2513 s'a-

618 2566 831 2630 dresse
857 2565 944 2627 du
979 2564 1132 2627 fond
1162 2564 1241 2627 de
1294 2565 1358 2627 la
1400 2565 1738 2641 palestine,
1770 2567 1834 2627 et
1864 2565 1913 2626 il
1949 2564 2199 2628 declare
2236 2583 2362 2646 que
2397 2565 2460 2627 la
2484 2564 2769 2628 decision

619 2681 796 2744 seule
826 2679 914 2742 du
943 2684 1105 2759 Pape
1147 2679 1301 2759 peut
1348 2679 1408 2742 le
1453 2679 1896 2760 tranquilliser
1925 2679 1963 2742 a
1990 2681 2090 2743 cet
2118 2679 2336 2761 egard.
2371 2681 2771 2761 Rapportons

616 2814 719 2859 ses
750 2811 1013 2875 propres
1045 2795 1292 2874 paroles
1326 2813 1343 2856 z

709 2931 740 2968 «
768 2909 915 2972 Ideo
938 2909 1099 2971 mihi
1127 2908 1505 2972 cathedram
1528 2909 1696 2973 Petri
1717 2912 1780 2973 et
1808 2909 2004 2973 fidem
2030 2910 2371 2990 apostolico
2401 2928 2515 2974 ore
2544 2909 2771 2973 lauda-

610 3043 649 3083 η
677 3027 813 3088 tam
833 3026 1052 3089 censui
1080 3026 1539 3089 consulendam
1556 3045 1576 3105 3
1596 3027 1746 3090 inde
1773 3045 1949 3089 nunc
1978 3026 2216 3088 animae
2245 3043 2407 3088 meae
2436 3025 2768 3105 postulans

619 3163 650 3201 n
685 3142 905 3206 cibum
930 3141 1104 3204 unde
1142 3142 1302 3204 olim
1345 3141 1579 3205 Christi
1621 3142 2008 3205 vestimenta
2048 3140 2332 3220 suscepi.
2367 3144 2589 3221 Neque
2617 3156 2770 3202 vero

622 3277 656 3317 >2
687 3258 868 3319 tanta
896 3257 1160 3320 vastitas
1188 3257 1492 3319 elementi
1522 3257 1867 3338 liquentiS,
1916 3257 1981 3318 et
2010 3255 2401 3334 interjacens
2430 3254 2770 3334 longit-udo

623 3392 654 3428 ›>
690 3372 1046 3448 terrarum,
1091 3389 1199 3434 me
1244 3388 1282 3433 a
1334 3372 1629 3451 pretiosae
1678 3371 2045 3452 margaritae
2095 3370 2300 3451 potuit
2349 3369 2769 3450 inquisitione

621 3506 652 3544 »
676 3485 1054 3565 prohibere.
1081 3486 1485 3568 Ubicumque
1513 3487 1710 3549 fuerit
1738 3504 1992 3566 corpus,
2020 3485 2173 3547 illuc
2199 3484 2772 3565 congregabuntur

620 3623 649 3658 »
684 3602 748 3662 et
772 3600 1024 3681 aquilae.
1078 3600 1424 3681 profligato
1472 3618 1509 3663 a
1548 3601 1758 3663 sobole
1787 3599 1961 3662 mala
2003 3596 2413 3679 patrimoni0‚
2446 3596 2621 3678 apud
2665 3614 2771 3660 vos

621 3735 652 3773 >2
692 3715 858 3778 solos
882 3715 1252 3796 incorrupta
1283 3719 1550 3779 Patrum
1576 3716 1870 3778 servatur
1902 3713 2293 3777 hereditas...
2332 3715 2456 3774 Vos
2483 3710 2635 3773 estis
2659 3711 2770 3773 lux

618 3851 651 3890 ι)
688 3830 946 3909 mundi,
995 3849 1108 3894 vos
1159 3833 1252 3894 sal
1286 3833 1494 3894 terrae.
1548 3835 1955 3911 Quamquam
2001 3829 2201 3910 igitur
2244 3827 2339 3889 tui
2384 3844 2488 3889 me
2534 3826 2774 3890 terreat

618 3966 649 4003 »
685 3945 1089 4026 magnitudo,
1110 3945 1341 4008 invitat
1353 3947 1573 4008 tamen
1602 3944 1996 4007 humanitas.
2011 3990 2051 4006 ..
2070 3948 2120 4003 Α
2136 3943 2382 4023 pastore
2395 3923 2770 4021 praesidiurn

621 4079 652 4116 »
690 4059 827 4121 ovis
853 4059 1157 4140 efflagita
1201 4061 1487 4122 Facessat
1526 4058 1770 4121 invidia
1820 4077 1836 4119 ε
1888 4057 2146 4120 romani
2178 4055 2482 4119 culminis
2516 4053 2774 4118 recedat

621 4192 652 4230 n
689 4172 957 4235 ambitio
990 4192 1006 4234 ε
1035 4191 1185 4237 cum
1223 4189 1581 4236 successore
1608 4173 1943 4252 piscatoris
1974 4173 2038 4235 et
2087 4170 2398 4251 discipulo
2426 4170 2641 4232 crucis
2668 4171 2767 4232 lo-

623 4308 655 4345 »
692 4304 880 4368 quar.
912 4292 1044 4368 Ego
1074 4289 1332 4350 nullum
1367 4287 1658 4367 primum
1697 4287 1823 4349 nisi
1858 4286 2182 4349 Christum
2225 4301 2541 4364 sequenS‚
2571 4281 2776 4345 beati-

624 4422 655 4461 »
692 4400 906 4464 tudini
936 4403 1088 4479 tuae,
1127 4401 1191 4464 id
1230 4402 1323 4464 est
1349 4401 1670 4464 cathedrae
1710 4399 1875 4464 Petri
1908 4399 2369 4462 communione
2411 4397 2767 4460 consocior.

622 4537 654 4576 ³>
688 4520 772 4581 Su
783 4535 896 4597 per
924 4517 1102 4581 illam
1129 4518 1379 4598 petram
1405 4515 1787 4580 aedificatam
1811 4515 2157 4579 Ecclesiam
2183 4512 2336 4577 scio.
2364 4512 2771 4593 Quicumque
