3038 5623
349 1007 385 1046 «
416 984 596 1049 Idem
620 985 687 1048 in
714 984 998 1067 antiquis
1017 985 1425 1067 generalibus
1452 986 1744 1050 conciliis
1768 987 2129 1068 praesertim
2153 988 2222 1051 in
2245 987 2401 1053 duo-

269 1102 384 1166 bus
414 1101 982 1182 LugdunensibuS,
1014 1096 1314 1183 'quorum
1358 1100 1571 1166 adhuc
1615 1104 1832 1166 extant
1867 1104 2032 1182 acta,
2085 1102 2401 1167 usitatum

265 1216 404 1281 fuit.
449 1217 553 1281 Sic
578 1218 643 1281 et
683 1217 755 1280 in
798 1217 900 1280 his
929 1216 1189 1299 synodis
1218 1216 1456 1280 nostris
1483 1218 1704 1280 nostra
1728 1219 1907 1281 aetate
1934 1218 2289 1293 celebratiS‚
2321 1218 2402 1284 de

265 1333 498 1415 quibus
546 1333 744 1396 etiam
791 1332 964 1413 apud
1017 1349 1300 1414 regnum
1349 1331 1602 1414 Angliae
1644 1349 1776 1395 non
1824 1332 2011 1414 pauci
2055 1335 2402 1415 supersunt

267 1447 479 1526 testeS,
511 1447 929 1510 observatum
946 1465 1081 1511 esse
1105 1447 1321 1529 palam
1351 1447 1468 1527 est,
1496 1447 1869 1512 absentibus
1895 1447 2093 1512 etiam
2124 1449 2402 1514 summis

269 1560 697 1625 Pontificibus.
734 1561 910 1626 Idem
938 1563 1002 1626 et
1044 1581 1225 1626 nunc
1246 1563 1430 1626 nobis
1463 1563 1954 1643 praesidentibus
1982 1564 2053 1628 in
2078 1564 2201 1628 hoc
2223 1582 2402 1629 sacro

267 1676 668 1740 oecumenico
696 1677 990 1741 servatur
1011 1678 1388 1742 Florentino
1410 1677 1703 1742 concilio.

342 1813 377 1853 >³
403 1791 520 1856 His
544 1808 799 1874 quoque
828 1791 991 1855 illud
1032 1791 1289 1856 accedat
1329 1793 1502 1876 quod
1550 1793 1623 1857 in
1662 1794 1998 1858 sententiis
2038 1795 2102 1858 et
2136 1793 2403 1860 decretis

268 1909 396 1971 tam
409 1907 614 1988 hujus
642 1908 888 1971 Sanctae
909 1907 1090 1972 Sedis
1114 1925 1312 1990 quam
1337 1910 1747 1991 generalium
1773 1910 2222 1989 conciliorum,
2250 1928 2403 1974 cum

266 2021 341 2085 de
380 2021 810 2104 dignitatibus
855 2022 1244 2086 nominatim
1288 2024 1365 2087 fit
1404 2025 1673 2105 mentio,
1719 2025 1835 2089 illa
1874 2025 2165 2089 clausula
2213 2025 2402 2107 adjici

268 2136 446 2213 solet,
472 2156 605 2200 non
631 2138 1012 2201 obstantibus
1056 2140 1111 2202 si
1139 2138 1598 2220 cardinalatus,
1632 2141 2039 2223 patriarcali,
2075 2142 2404 2221 archiepis-

267 2254 487 2335 copali,
521 2253 854 2333 episcopali
888 2271 996 2317 seu
1029 2255 1165 2318 alia
1205 2273 1596 2337 quacumque
1637 2257 2024 2338 praesulqeat
2074 2256 2404 2336 diqnitate,

269 2384 376 2446 per
400 2365 605 2449 quod,
653 2385 729 2430 ex
774 2367 1002 2432 ordine
1050 2368 1460 2447 nominandi,
1492 2387 1639 2452 quae
1664 2370 1758 2475 1³³¹
1795 2371 2006 2452 major
2040 2370 2405 2434 luculenter

278 2485 551 2564 apparet.

350 2619 378 2657 n
403 2604 537 2663 Nec
562 2605 862 2663 causetur
889 2598 1212 2682 quispiam
1236 2598 1407 2682 quod
1431 2597 1591 2662 ordo
1610 2597 1982 2681 episcopalis
2011 2601 2403 2683 presbyterio

274 2716 475 2795 major
524 2713 633 2792 sit,
671 2714 982 2797 quoniam
1012 2715 1083 2778 in
1115 2713 1432 2796 ejusmodi
1473 2715 1952 2795 praelationibus
1993 2716 2286 2780 officium
2330 2733 2405 2780 ac

262 2826 566 2911 dignitaS,
600 2848 712 2894 seu
735 2830 1092 2911 juridictio,
1118 2830 1562 2912 praeponderat
1588 2831 1880 2895 ordini...
1913 2855 1943 2890 n

328 2948 414 3009 Ge
438 2944 597 3009 bref
618 2946 715 3008 est
739 2944 962 3022 classe,
1009 2945 1171 3009 dans
1217 2946 1279 3010 le
1318 2944 1602 3009 Bullaire
1632 2947 1914 3026 romain,
1951 2965 2100 3012 sous
2139 2948 2199 3012 16
2228 2959 2300 3012 n⁰
2326 2956 2400 3011 19

247 3057 361 3124 des
382 3060 571 3125 brefs
599 3061 664 3124 et
684 3060 1139 3124 constitutions
1161 3057 1491 3142 d’Eugene
1519 3063 1626 3139 IV,
1657 3079 1741 3124 an
1772 3068 1951 3125 1438.
1986 3064 2069 3141 (3⁸
2094 3061 2295 3142 partie
2315 3060 2405 3125 du

241 3175 290 3238 t.
314 3180 463 3254 111⁹,
492 3194 558 3256 p.
591 3178 719 3254 21.)

311 3293 515 3355 Cette
542 3289 824 3354 decision
854 3288 1178 3372 d’Eugene
1216 3294 1297 3354 IV
1340 3289 1555 3352 aurait
1582 3289 1673 3353 du
1698 3289 2015 3353 terminer
2050 3307 2218 3372 pour
2256 3292 2403 3354 tou-

216 3407 424 3489 jours
454 3407 561 3470 les
602 3405 1059 3469 contestations
1109 3424 1125 3468 :
1174 3407 1815 3494 malheureusement
1855 3406 1902 3469 il
1944 3406 2094 3469 n'en
2141 3407 2243 3470 fut
2293 3426 2405 3490 pas

218 3523 431 3587 ainsi.
476 3526 618 3585 Peu
639 3520 946 3584 d'annees
975 3520 1182 3601 apreS,
1203 3520 1596 3584 c'est-a-dire
1626 3539 1711 3585 en
1737 3528 1916 3598 1449,
1946 3521 2405 3605 l'Archeveque

209 3636 293 3703 de
330 3643 654 3714 Gnesne,
691 3635 928 3717 primat
959 3635 1037 3699 de
1078 3636 1379 3717 Pologne,
1430 3654 1880 3715 recommenca
1928 3636 1964 3698 a
2000 3636 2293 3717 disputer
2342 3637 2405 3700 la

203 3752 611 3835 preseance
641 3749 680 3813 a
707 3768 802 3813 un
825 3750 1124 3814 Cardinal
1153 3769 1169 3812 ε
1200 3749 1410 3813 c'etait
1439 3750 1776 3833 SbigneuS,
1807 3751 2052 3833 eveque
2075 3751 2154 3814 de
2184 3755 2406 3815 Craco-

200 3871 337 3934 vie.
376 3870 438 3934 Il
471 3885 574 3931 en
605 3864 873 3944 resulta,
901 3864 979 3929 de
1001 3865 1064 3928 la
1091 3866 1237 3946 part
1260 3865 1339 3929 de
1362 3865 1613 3929 Nicolas
1642 3869 1721 3944 V,
1748 3884 1879 3929 une
1910 3867 2210 3929 sentence
2236 3883 2406 3929 sem-

199 3987 447 4051 blable
486 3984 540 4048 ἐι
564 3981 728 4046 66116
751 3981 1076 4062 d’Eugene
1108 3978 1210 4045 IV.
1242 3980 1725 4062 L'Archeveque
1750 3980 1827 4043 de
1856 3984 2108 4045 Gnesne
2139 3981 2407 4045 s'oublia

186 4098 500 4186 jusqu’a
539 4114 632 4160 en
663 4096 926 4176 appeler
957 4113 1042 4158 au
1078 4095 1199 4174 roi,
1240 4095 1378 4177 qui,
1429 4095 1953 4173 heureusement,
1985 4097 2127 4177 plus
2161 4098 2407 4162 soumis

194 4237 341 4301 que
382 4231 545 4280 son
583 4209 1054 4290 Metropolitain
1081 4210 1119 4273 a
1140 4209 1464 4274 l'autorite
1490 4211 1877 4292 pontificale,
1912 4210 2209 4292 repondit
2249 4214 2410 4295 qu'il

190 4352 279 4398 ne
310 4333 437 4397 lui
470 4325 909 4408 appartenait
935 4343 1048 4406 pas
1076 4325 1155 4389 de
1183 4325 1516 4391 connaitre
1545 4324 1740 4390 d'une
1780 4344 1967 4392 cause
1984 4327 2178 4411 jngee
2207 4346 2326 4410 par
2346 4328 2409 4393 le

187 4440 684 4522 saint-Siege.

40 830 47 1273 ῐ
536 842 932 889 Pnnsoms
986 841 1409 890 COMPOSANT
1466 844 1555 890 nn
1615 843 1941 906 concur,
1998 844 2151 893 Ere.
2261 826 2396 895 189
