3038 5623
634 770 1072 830 OPIJJRATIONS
1121 785 1220 830 m]
1276 783 1575 831 concae
1632 787 1876 850 Pnov„
1917 788 2067 834 mc,
2278 772 2415 840 447

289 928 463 992 tiano
487 928 719 1008 populo
732 926 1012 990 maxime
1031 927 1376 992 salutarem
1395 946 1533 992 esse
1551 928 1829 993 affirmo.
1859 933 2182 1011 Sanctam,
2202 935 2421 999 catho-

286 1043 478 1107 licam
506 1045 569 1106 et
592 1042 1001 1124 apostolicam
1031 1045 1387 1106 Romanam
1415 1044 1760 1107 Ecclesiam
1788 1046 2090 1110 omnium
2119 1050 2418 1114 ecclesia-

289 1176 443 1222 rum
484 1160 766 1221 matrem
808 1159 874 1221 et
913 1158 1292 1240 magistram
1332 1145 1630 1239 agnosco.
1673 1163 2088 1244 Romanoque
2132 1165 2420 1229 Pontifici

286 1273 451 1337 beati
479 1273 647 1338 Petri
676 1274 1109 1354 apostolorum
1141 1273 1446 1354 principis
1470 1275 1843 1350 successori,
1887 1257 1964 1339 ac
1987 1279 2141 1340 Jesu
2183 1278 2417 1344 Christi

283 1388 562 1467 Vicario,
591 1406 815 1452 veram
849 1388 1281 1452 obedientiam
1315 1389 1620 1470 sponde0,
1654 1407 1730 1454 ac
1771 1393 1946 1471 juro.
1987 1393 2226 1457 Caetera
2265 1395 2419 1460 item

283 1504 506 1568 omnia
538 1522 576 1568 a
608 1504 803 1567 sacris
826 1505 1184 1569 canonibus
1210 1505 1274 1567 et
1310 1504 1725 1569 oecumenicis
1763 1506 2072 1587 conciliiS,
2097 1526 2172 1573 ac
2189 1512 2417 1591 praeci-

283 1639 408 1702 puc
438 1639 477 1683 a
503 1620 904 1684 sacrosancta
925 1619 1301 1683 Tridentina
1326 1620 1572 1702 synodo
1603 1621 1863 1699 tradita,
1895 1621 2179 1702 definita,
2218 1628 2284 1689 et
2311 1626 2419 1691 de-

283 1738 522 1808 clarata
547 1784 567 1812 ,
631 1736 1076 1800 indubitanter
1126 1735 1362 1817 recipio
1415 1737 1610 1818 atque
1674 1736 1977 1817 profiteor
2025 1756 2043 1799 z
2094 1740 2416 1825 simulque

281 1852 605 1917 contraria
639 1852 899 1928 omnia,
947 1853 1142 1933 atque
1185 1851 1457 1915 haereses
1494 1868 1942 1933 quascumque
1997 1854 2079 1915 ab
2140 1856 2418 1921 Ecclesia

281 1969 648 2045 damnataS,
662 1969 726 2031 et
748 1968 1037 2047 rejectaS,
1062 1968 1124 2030 et
1137 1965 1727 2035 anathematizatas,
1750 1985 1869 2048 ego
1885 1968 2128 2048 pariter
2149 1970 2415 2051 damno,

280 2083 526 2164 rejici0‚
551 2084 615 2147 et
641 2082 1131 2147 anathematizo.
1148 2086 1328 2145 Hanc
1354 2099 1577 2145 veram
1603 2082 1984 2146 catholicam
2000 2084 2219 2163 fidem,
2239 2089 2415 2151 extra

281 2216 480 2280 quam
508 2216 700 2262 nemo
728 2199 942 2262 salvus
968 2214 1102 2261 esse
1127 2197 1346 2278 potest,
1380 2213 1583 2278 quam
1607 2195 1677 2258 in
1705 2198 2002 2275 praesenti
2027 2201 2252 2279 sponte
2271 2220 2418 2283 pro-

280 2314 485 2389 fiteor,
516 2315 578 2377 et
598 2314 1133 2388 veraciterteneO,
1161 2311 1459 2376 eamdem
1484 2312 1828 2393 integram,
1853 2314 1917 2376 et
1930 2312 2415 2379 immaculatam

278 2448 489 2512 usque
508 2430 589 2493 ad
613 2431 976 2494 extremum
1001 2429 1150 2493 vitae
1180 2427 1482 2509 spiritum
1509 2427 2056 2505 constantissime,
2089 2434 2213 2493 Deo
2236 2431 2337 2513 adj
2347 2451 2417 2496 u-

277 2546 494 2623 vante,
529 2545 807 2609 retinere
853 2547 915 2609 et
948 2543 1278 2621 confiteri,
1319 2544 1510 2625 atque
1542 2560 1581 2605 a
1620 2542 1782 2606 meis
1818 2543 2091 2608 subditis
2136 2563 2250 2609 seu
2287 2547 2416 2612 illis

281 2677 569 2742 quorum
587 2677 744 2723 cura
777 2659 856 2722 ad
884 2677 987 2722 me
1030 2659 1100 2722 in
1131 2676 1404 2721 munere
1429 2675 1577 2720 meo
1605 2658 1936 2739 spectabit,
1963 2660 2194 2736 teneri,
2224 2663 2286 2724 et
2305 2661 2417 2725 do-

270 2776 431 2853 ceri,
461 2776 526 2840 et
544 2774 901 2856 praedicari,
918 2774 1328 2857 quantumin
1357 2791 1462 2837 me
1487 2773 1634 2850 erit,
1658 2776 2064 2839 curaturum.
2088 2779 2221 2858 Ego
2239 2776 2413 2842 idem

268 2895 351 2955 N.
374 2890 678 2972 spondeo,
699 2908 923 2969 voveo,
940 2892 1175 2972 acjuro
1187 2909 1208 2970 3
1226 2890 1318 2954 sic
1342 2907 1445 2953 me
1469 2893 1636 2954 Deus
1649 2889 1931 2972 adjuvet,
1953 2894 2016 2956 et
2035 2892 2171 2956 haec
2193 2896 2413 2957 sancta

273 3007 392 3071 Dei
436 3007 802 3088 Evangelia.
833 3028 865 3065 ι)

359 3128 456 3187 On
482 3123 637 3201 doit,
676 3140 751 3186 ce
795 3120 1060 3198 semble,
1116 3122 1421 3184 conclure
1452 3120 1532 3184 de
1565 3138 1669 3183 ces
1696 3122 1895 3184 textes
1926 3121 2090 3185 deux
2137 3122 2358 3186 choses
2389 3141 2408 3185 τ

267 3248 299 3302 1
316 3251 340 3275 ⁰
371 3256 524 3321 que,
542 3238 715 3302 selon
741 3211 806 3301 la
840 3239 1064 3300 teneur
1086 3236 1177 3299 du
1200 3236 1444 3300 concile
1472 3235 1553 3299 de
1569 3237 1827 3313 Trente,
1856 3237 1917 3298 la
1948 3237 2302 3316 profession
2332 3237 2411 3302 de
2442 3259 2448 3265 ·

261 3354 364 3418 soi
410 3354 475 3417 et
495 3354 560 3416 la
605 3370 926 3434 promesse
951 3351 1384 3415 d'obeissance
1425 3369 1508 3414 au
1558 3349 1946 3432 Saint-Siege
1986 3350 2246 3415 doivent
2275 3351 2409 3418 etre

261 3469 465 3533 saites
492 3486 605 3549 par
629 3469 719 3532 les
747 3467 934 3532 Peres
964 3467 1055 3530 du
1077 3467 1320 3530 concile
1341 3465 1717 3546 provincial,
1748 3483 1831 3528 au
1848 3466 2061 3529 moins
2089 3466 2407 3549 lorsqu’ils

257 3583 576 3649 assistent
627 3600 792 3663 pour
843 3584 905 3646 la
959 3582 1272 3664 premiere
1310 3583 1431 3646 fois
1477 3581 1515 3646 a
1556 3600 1658 3646 ces
1707 3583 1945 3646 saintes
1991 3584 2403 3664 assemblee53

257 3707 336 3762 2⁰
359 3716 489 3781 que
528 3698 923 3780 l'obligation
950 3697 1343 3779 d’employer
1370 3698 1432 3761 la
1475 3698 1752 3786 formule
1776 3698 1857 3763 de
1911 3698 2016 3762 Pie
2058 3702 2139 3762 IV
2170 3699 2408 3762 s’etend

246 3812 533 3897 jusqu'a
550 3832 697 3891 eux,
727 3831 817 3876 vu
845 3830 947 3876 ces
980 3814 1143 3875 mots
1170 3812 1249 3876 de
1276 3814 1339 3876 la
1362 3812 1538 3876 bulle
1581 3828 1599 3874 t
1634 3816 1753 3877 Per
1773 3832 1874 3877 eos
1904 3815 1987 3877 ad
2011 3833 2163 3895 quos
2197 3832 2275 3877 ea:
2298 3815 2405 3877 de-

253 3929 458 3994 cretis
476 3916 938 4008 ipsius'concilii
963 3935 1212 4008 spectat.

351 4043 531 4107 Telle
571 4060 610 4105 a
662 4042 785 4123 ete,
822 4061 903 4107 en
953 4044 1123 4121 effet,
1167 4043 1231 4107 la
1275 4042 1566 4125 pratique
1596 4041 2078 4124 generalement
2100 4041 2405 4106 observee

250 4160 440 4224 dans
490 4159 586 4221 les
635 4159 909 4222 conciles
966 4159 1382 4240 provinciaux
1446 4157 1827 4240 posterieurs
1888 4174 1972 4220 au
2031 4157 2272 4222 concile
2325 4158 2405 4222 de

245 4274 541 4353 Trente3
564 4291 724 4337 nous
745 4291 987 4356 voyons
1000 4274 1246 4356 figurer
1256 4273 1420 4337 dans
1431 4274 1609 4337 leurs
1627 4272 2099 4354 preliminaires
2114 4274 2172 4339 le
2191 4273 2405 4338 decret

244 4409 390 4456 sur
416 4389 482 4452 la
511 4388 623 4466 foi,
654 4389 966 4453 decretum
991 4389 1165 4470 fidei;
1192 4391 1253 4453 et
1276 4390 1336 4453 la
1362 4389 1639 4453 formule
1661 4387 1989 4471 employee
2017 4390 2112 4453 est
2137 4390 2293 4454 celle
2321 4389 2403 4452 de

241 4506 383 4572 Pie
412 4508 517 4569 lv.
552 4506 712 4568 G'est
730 4522 805 4570 ce
844 4505 1252 4587 qu'attestent
1300 4506 1395 4569 les
1436 4506 1607 4568 actes
1643 4503 1723 4568 de
1759 4505 2079 4586 plusieurs
2129 4504 2401 4587 synodos
