3038 5623
634 850 1073 912 oniam-mus
1122 864 1224 911 Du
1272 865 1572 913 concur:
1630 865 1879 934 raov„
1941 869 2091 918 Ere.
2299 852 2437 922 535

380 1022 412 1060 ι
447 1000 818 1065 Meminisse
851 999 1172 1080 oportebit
1202 1016 1334 1063 non
1366 1015 1552 1080 posse
1574 1001 1909 1082 Episcopos
1956 1021 2076 1067 nec
2116 1005 2440 1087 synodum

303 1124 840 1206 provincialem...
874 1123 1331 1204 appellationes
1363 1123 1433 1187 in
1464 1125 1720 1188 casibus
1749 1126 1818 1188 in
1848 1128 2085 1209 quibus
2116 1130 2271 1195 alias
2301 1151 2443 1212 per-

302 1241 660 1306 mittuntur
685 1239 1065 1320 probibere3
1098 1257 1217 1303 nec
1241 1241 1731 1320 praetermittere
1757 1243 2028 1307 modum
2051 1248 2116 1309 et
2140 1247 2442 1312 ordinem

304 1374 344 1420 a
381 1358 532 1438 jure
572 1356 635 1418 et
680 1354 950 1419 concilio
980 1354 1381 1433 TridentinO,
1412 1356 1736 1438 praecipue
1764 1358 1834 1421 in
1865 1361 2214 1439 puniendis
2245 1364 2446 1427 corri-

311 1470 666 1554 gendisque
695 1470 1076 1545 excessibuS‚
1107 1471 1575 1552 praescriptum.

386 1608 420 1646 »κ
450 1591 523 1650 In
552 1586 825 1649 materia
848 1585 1319 1667 jurisdictionis
1343 1587 1782 1652 ecclesiasticae
1820 1590 1885 1652 et
1922 1591 2269 1670 saeculariS,
2292 1611 2449 1656 con-

312 1701 548 1767 sultius
580 1701 705 1765 erit
731 1701 902 1764 nihil
930 1702 1237 1779 statuere,
1273 1720 1474 1784 quam
1503 1704 1578 1765 ut
1605 1707 1905 1786 appareat
1932 1725 2009 1770 ex
2030 1707 2291 1788 juribus
2334 1713 2451 1774 Ec-

306 1817 512 1881 clesiae
535 1815 779 1898 aliquid
798 1834 935 1881 esse
955 1817 1387 1880 imminutum
1404 1818 1508 1881 vel
1528 1822 1940 1900 usurpatum.
1968 1821 2233 1886 Videtur
2255 1823 2450 1888 etiam

309 1934 770 1998 abstinendum
813 1951 850 1996 a
890 1933 1224 1998 mentione
1258 1933 1483 2015 legum
1521 1935 1958 2014 saecularium,
1996 1939 2355 2018 praesertim
2394 1941 2449 2005 si

307 2050 538 2114 affines
564 2050 697 2113 sint
723 2049 852 2113 illis
877 2068 1020 2131 quae
1049 2067 1087 2113 a
1113 2049 1270 2113 Sede
1297 2050 1642 2130 apostolica
1672 2051 2050 2133 improbatae
2077 2054 2342 2120 fuerint.

335 2191 340 2194 -
391 2186 422 2224 n
462 2166 771 2229 Noverint
809 2165 1006 2229 etiam
1042 2170 1371 2245 exemptos
1421 2165 1694 2230 decretis
1734 2168 1987 2232 concilii
2039 2171 2449 2250 provincialis

312 2300 443 2347 non
468 2282 769 2364 obligari,
799 2282 925 2346 nisi
954 2283 1026 2345 in
1049 2283 1300 2346 casibus
1329 2283 1398 2346 in
1424 2283 1664 2365 quibus
1692 2302 1728 2347 a
1751 2288 1901 2365 jure
1920 2288 2281 2364 communi,
2306 2307 2452 2352 con-

312 2398 457 2462 cilio
498 2398 876 2462 Tridentino
912 2400 977 2462 et
1014 2416 1427 2462 summorum
1463 2400 1848 2463 Pontificum
1887 2402 2452 2467 constitutionibus

317 2513 674 2594 specialiter
698 2513 1017 2595 Episcopis
1041 2515 1157 2577 aut
1186 2513 1461 2577 concilio
1488 2515 1865 2595 provinciali
1891 2515 1961 2579 in
1991 2515 2159 2597 ipsos
2180 2518 2455 2597 potestas

319 2629 559 2693 tributa
587 2631 707 2708 est,
740 2629 817 2691 ut
843 2647 1021 2693 sacra
1047 2629 1461 2710 congregatio
1489 2631 1815 2694 censuit...

399 2767 434 2806 »
467 2748 626 2809 Cum
661 2744 1072 2827 regularibus
1099 2746 1429 2827 quomodo
1457 2745 1742 2829 synodus
1775 2747 2188 2828 provincialis
2231 2767 2445 2831 proce·

317 2862 469 2926 dere
494 2862 715 2942 possit,
737 2863 853 2925 aut
868 2861 1118 2941 debeat,
1139 2860 1419 2925 ediscere
1437 2862 1671 2942 poterit
1686 2880 1767 2926 ex
1783 2863 2054 2928 concilio
2074 2864 2457 2928 Tridentino

321 2981 506 3057 (sess,
542 2984 650 3056 25,
684 2977 766 3040 de
788 2978 1042 3059 Regul.)
1077 2979 1242 3040 etex
1271 2976 1730 3057 posterioribus
1763 2981 2201 3049 Romanorum
2232 2980 2455 3043 Ponti-

312 3094 513 3158 ficum
541 3111 616 3157 ea
643 3093 721 3157 de
753 3112 824 3157 re
852 3093 1445 3170 constitutionibus,
1477 3093 1836 3173 praesertim
1861 3093 2148 3174 Gregorii
2173 3097 2282 3157 XV
2309 3111 2455 3176 quae

324 3209 571 3290 incipit,
604 3209 1006 3272 Incrustabili
1029 3210 1139 3272 Dei
1158 3207 1572 3288 providentia.
1605 3210 1896 3282 Quorum
1925 3209 2299 3272 auctoritate
2331 3209 2454 3272 nisi

321 3324 674 3404 specialiter
700 3323 996 3386 nitantur
1024 3323 1279 3386 decreta
1310 3321 1670 3404 synodalia,
1703 3323 1930 3405 utique
1966 3323 2311 3386 arctabunt
2338 3323 2452 3387 illa

320 3440 573 3503 tantum
615 3440 1008 3502 monasteria
1054 3455 1198 3520 quae
1239 3437 1393 3518 ipsis
1438 3436 1783 3500 ordinariis
1825 3440 1981 3500 sunt
2022 3439 2328 3519 subjecta.
2376 3443 2451 3501 In

317 3554 459 3618 aliis
495 3556 714 3618 autem
753 3553 1160 3617 monasteriis
1188 3552 1478 3634 Episcopi
1516 3552 1677 3616 scire
1719 3552 1957 3615 debent
1992 3570 2058 3616 se
2101 3570 2137 3615 a
2179 3553 2451 3617 concilio

311 3671 687 3733 Tridentino
711 3668 891 3732 datos
913 3687 1048 3733 esse
1069 3670 1435 3733 executores
1457 3686 1685 3731 eorum
1710 3656 1856 3750 (iuae
1880 3668 1948 3730 in
1972 3668 2241 3732 decretis
2268 3668 2450 3732 dictae

316 3802 467 3849 sess.
505 3792 602 3863 25,
642 3785 715 3847 de
747 3785 1151 3865 Reyularibus
1188 3784 1630 3848 continentur.
1677 3789 1751 3847 In
1784 3785 2022 3865 quibus
2059 3785 2449 3865 provinciale

315 3902 666 3965 concilium
703 3900 1165 3983 negligentiam
1205 3899 1665 3981 Episcoporum
1713 3898 2010 3979 supplere
2057 3901 2121 3963 et
2157 3917 2450 3964 coercere

313 4017 579 4080 debet...

397 4152 428 4188 ι)
459 4136 653 4194 Porro
683 4131 819 4211 ipsa
848 4129 1075 4211 synodi
1104 4129 1356 4194 decreta
1384 4148 1548 4211 puro
1570 4131 1633 4193 et
1660 4130 2081 4194 ecclesiastico
2109 4130 2271 4211 stylo
2299 4137 2451 4194 scri-

312 4245 576 4323 bantur,
614 4246 685 4307 ut
713 4245 1137 4309 christianam
1166 4245 1469 4327 pietatem
1505 4263 1638 4310 non
1679 4245 1909 4309 rudem
1944 4245 2446 4326 simplicitatem,

312 4361 521 4441 potius
550 4378 747 4444 quam
773 4360 1153 4442 exquisitam
1181 4359 1567 4425 latinitatem
1594 4359 1946 4424 redoleant.
1980 4360 2221 4424 Usitata
2249 4361 2452 4442 igitur

320 4494 359 4540 a
401 4476 639 4539 sanctis
682 4476 975 4540 Patribus
1021 4477 1086 4539 et
1126 4476 1401 4539 summis
1440 4475 1858 4539 Pontificibus
1899 4476 2100 4540 verba
2142 4476 2212 4538 in
2253 4477 2448 4539 rebus

313 4592 634 4672 praecipue
661 4590 1101 4655 ecclesiasticis
1126 4594 1547 4673 usurpentur.
1573 4596 1700 4656 Nec
1722 4609 1888 4656 nova
1910 4591 2220 4655 vocabula
2245 4590 2313 4654 in
2340 4595 2449 4654 Ec·
