3038 5623
534 829 972 893 opnnA'moNs
1034 845 1134 890 Du
1181 844 1480 891 CONCILE
1529 844 1776 914 PRov.,
1821 844 1971 891 ETC.
2187 822 2323 892 417

273 988 353 1049 Le
381 985 655 1066 capitule
683 988 851 1051 Sicut
881 987 1056 1063 olim,
1087 986 1160 1050 de
1184 988 1506 1066 Accusat„
1532 985 1716 1068 apres
1748 986 1929 1051 avoir
1950 986 2221 1069 prescrit
2266 987 2331 1050 la

197 1099 582 1166 celebration
636 1102 940 1184 annuelle
987 1102 1076 1166 du
1128 1102 1371 1166 concile
1415 1102 1770 1183 provincial
1826 1103 1891 1167 et
1946 1101 2038 1165 du
2088 1101 2328 1185 synode

201 1215 543 1296 diocesain,
584 1236 649 1281 se
680 1217 960 1282 termine
1003 1218 1212 1282 ainsi:
1252 1241 1279 1276 α
1311 1217 1609 1300 Quisquis
1638 1219 1857 1282 autem
1886 1217 2007 1282 hoc
2046 1219 2325 1284 salutare

195 1352 225 1390 ι»
258 1332 572 1396 statutum
595 1333 947 1416 neglexerit
967 1333 1346 1415 adimplere,
1367 1350 1405 1396 6
1431 1331 1533 1397 sui
1560 1333 1935 1398 executione
1962 1333 2155 1399 officii
2182 1352 2324 1398 sus-

193 1470 224 1507 »
260 1448 602 1529 pendatur.
628 1470 660 1509 n

227 1638 240 1645 ,
273 1566 535 1628 Comme
583 1564 677 1628 les
721 1564 937 1646 peines
978 1565 1225 1646 portees
1253 1584 1370 1646 par
1410 1584 1513 1630 ces
1552 1565 1767 1630 divers
1809 1566 2058 1632 decrets
2099 1568 2248 1630 sont
2291 1581 2334 1629 a

187 1679 361 1760 jure,
392 1683 682 1761 Fagnan,
714 1680 898 1762 apres
921 1681 980 1745 le
1006 1681 1336 1746 canoniste
1364 1681 1621 1759 d'Ostie,
1651 1699 1846 1763 pense
1888 1682 2151 1764 qu’elles
2192 1681 2337 1746 sont

194 1794 557 1859 seulement
595 1796 862 1878 ferendae
901 1798 1245 1873 sententiae‚·
1271 1798 1335 1861 et
1364 1796 1412 1860 il
1442 1814 1527 1860 en
1557 1798 1655 1861 est
1682 1796 1760 1862 de
1802 1796 2017 1862 meme
2052 1796 2166 1862 des
2195 1796 2336 1860 sui-

193 1912 447 1990 vanteS,
480 1911 595 1992 qui
624 1914 1015 1977 concernent
1040 1913 1136 1977 les
1166 1913 1573 1995 suffragants.

938 2547 1119 2596 Contre
1149 2546 1222 2596 les
1269 2545 1603 2607 Suffragants.

279 2859 316 2897 «
347 2837 414 2900 Si
444 2837 766 2917 aegrotans
794 2836 1139 2918 Episcopus
1165 2835 1380 2914 fuerit,
1415 2836 1529 2899 aut
1557 2835 1773 2918 aliqua
1800 2853 1955 2900 eum
1986 2836 2199 2918 gravis
2227 2853 2340 2900 ne-

180 2975 221 3013 »
259 2951 533 3016 cessitas
557 2951 929 3032 detinuerit,
956 2971 1071 3034 pro
1095 2970 1161 3016 56
1185 2951 1474 3033 legatum
1504 2950 1584 3014 ad
1614 2950 1940 3032 synodum
1962 2951 2201 3028 mittat,
2227 2969 2346 3015 nec

177 3092 217 3130 »
254 3087 301 3134 6
335 3067 807 3132 communione
835 3068 1288 3149 suspendatur.
1317 3090 1353 3126 ³>
1388 3069 1472 3146 (C.
1509 3074 1569 3143 1,
1595 3083 1785 3130 causa
1814 3073 1873 3144 5,
1903 3085 1967 3149 q.
1996 3069 2081 3144 3.)

268 3189 363 3249 Ge
395 3200 609 3246 canon
648 3200 920 3264 suppose
950 3200 1099 3265 que,
1129 3200 1279 3246 sans
1309 3180 1847 3261 l'empechement
1874 3180 2188 3262 legitime,
2219 3173 2344 3244 l'E-

168 3301 413 3382 veque
437 3296 550 3381 qui
584 3315 669 3361 ne
699 3315 764 3361 se
795 3297 1049 3362 rendait
1075 3316 1186 3379 pas
1213 3315 1296 3361 au
1326 3296 1569 3360 concile
1596 3294 1748 3360 etait
1774 3294 2246 3359 excommunic.

281 3438 324 3476 «
372 3414 440 3478 Si
485 3413 634 3496 quis
680 3413 1137 3494 Episcoporum
1170 3410 1605 3476 commonitus
1644 3429 1679 3473 6
1722 3410 2233 3491 Metropolitano,
2264 3411 2346 3475 ad

167 3555 203 3591 »
245 3530 638 3615 synodum,
668 3527 852 3592 nulla
892 3528 1074 3610 gravi
1118 3526 1557 3591 intercedente
1597 3526 1970 3590 necessitate
2005 3527 2344 3608 corporali,

159 3671 197 3707 »
245 3645 509 3712 venire
570 3643 1059 3725 contempserit,
1115 3642 1280 3706 sicut
1339 3643 1577 3705 statuta
1643 3643 1904 3705 Petrum
1971 3644 2339 3713 sanxerunt,

152 3787 190 3823 »
241 3780 488 3845 usque
513 3759 594 3824 ad
619 3760 917 3823 futurum
941 3757 1289 3822 concilium
1313 3758 1693 3820 cunctorum
1721 3756 2180 3838 Episcoporum
2201 3756 2350 3822 cha·

152 3904 193 3941 »
240 3876 495 3943 ritatis
524 3874 988 3939 communione
1013 3874 1327 3954 privetur.
1355 3893 1386 3931 ι)
1426 3872 1601 3954 (Dist.
1637 3879 1734 3950 18,
1762 3888 1818 3935 c.
1850 3874 1974 3950 14.)

255 4021 297 4058 «
337 3993 424 4060 Si
456 3991 801 4073 Episcopus
835 3989 1364 4070 metropolitanus
1392 3988 1472 4051 ad
1500 3986 2071 4069 comprovinciales
2099 3986 2353 4069 Episco-

140 4139 178 4176 »
226 4129 383 4196 pos
423 4107 726 4188 epistolas
758 4104 1063 4169 direxerit
1093 4104 1164 4168 in
1199 4104 1434 4187 quibus
1474 4121 1581 4166 eos
1609 4103 1722 4167 aut
1763 4101 1844 4166 ad
1879 4101 2350 4168 ordinationem

134 4254 173 4292 n
219 4223 529 4296 summi
558 4221 879 4287 Pontificis
900 4222 1010 4284 aut
1035 4220 1114 4284 ad
1137 4219 1461 4302 synodum
1484 4219 1737 4297 invitet,
1763 4218 2120 4299 postpositis
2143 4219 2353 4283 omni-

137 4373 180 4410 »
221 4350 394 4412 hus
456 4340 739 4422 (excepta
787 4338 968 4420 gravi
1016 4337 1392 4401 infirmitate
1437 4336 1719 4417 corporis
1770 4338 1884 4400 aut
1931 4337 2351 4419 praeceptione

131 4492 171 4529 ι)
224 4459 498 4545 regia)
528 4455 609 4521 ad
639 4455 1062 4520 constitutum
1103 4453 1277 4518 diem
1320 4452 1536 4517 adesse
1581 4470 1712 4516 non
1739 4450 2055 4517 differant.
2085 4453 2262 4529 Quod
2295 4453 2348 4517 si

1948 4565 2023 4621 27
