3038 5623
439 877 739 925 CONCILE
794 879 1006 925 Pnov.
1052 878 1189 925 PAR
1220 878 1543 924 RAPPORT
1590 879 1687 924 Au
1740 861 2222 925 sAINT-SHZGE.
2332 857 2470 927 24⁷

344 1040 378 1079 »
406 1019 613 1083 clesiae
653 1020 892 1082 statum
917 1020 1267 1101 pertinent,
1318 1020 1372 1084 si
1397 1020 1557 1103 quid
1581 1020 2000 1084 dubitationis
2054 1021 2251 1084 fuerit
2293 1038 2474 1085 exor-

344 1154 380 1193 »
410 1135 576 1212 tum,
602 1134 682 1197 ad
714 1135 1026 1199 Romanae‘
1073 1136 1364 1199 Ecclesiae
1418 1136 1781 1200 maximum
1814 1134 2239 1213 Sacerdotem,
2289 1137 2475 1218 quasi

343 1270 373 1307 »
407 1249 485 1311 ad
514 1250 710 1329 caput
737 1250 1034 1313 nostrum
1073 1252 1367 1313 membra
1398 1251 1738 1332 sequentia
1768 1268 2201 1314 recurramus,
2229 1273 2261 1310 ι)
2293 1253 2473 1329 (Dom

343 1364 663 1440 coustant,
711 1365 919 1444 praef„
950 1382 1097 1446 pag.
1132 1382 1300 1443 xvu3
1331 1365 1492 1443 Avit,
1538 1383 1640 1446 ep.
1669 1365 1795 1447 36.)

415 1482 587 1541 Dans
636 1480 697 1540 la
740 1485 841 1541 36·
866 1480 1050 1543 lettre
1087 1478 1234 1560 deja
1260 1479 1448 1555 citee,
1474 1497 1562 1543 on
1609 1480 1687 1544 lit
1730 1497 1964 1545 encore
1983 1497 2066 1547 ce.
2094 1496 2477 1562 remarqua-

341 1592 442 1656 ble
487 1610 756 1682 passage
802 1612 820 1656 ε

426 1730 455 1766 (ι
486 1711 649 1771 Cum
657 1753 780 1770 .....
839 1726 877 1772 a
930 1710 1435 1790 provincialibus
1483 1709 1646 1773 meis
1694 1711 2032 1789 consulor,
2090 1710 2477 1793 respondere

339 1842 373 1880 »
405 1823 599 1885 etiam
634 1841 753 1904 ego
783 1823 908 1887 nisi
953 1825 1232 1905 priorem
1263 1826 1343 1902 (le
1368 1825 1614 1889 Pontise
1657 1824 1933 1906 romain)
1978 1828 2312 1889 consulam
2344 1843 2476 1889 non

339 1958 372 1994 ιι
400 1954 741 2017 praesumo.
775 1959 808 1997 ι)
847 1941 929 2016 (S.
958 1939 1128 2001 Aviti
1172 1956 1390 2020 opera,
1439 1958 1502 2021 p.
1552 1946 1627 2000 87
1652 1958 1672 2019 3
1698 1938 1900 2017 PariS‚
1946 1944 2153 2017 1643.)

416 2051 565 2114 L’an
596 2060 739 2130 529,
769 2054 830 2117 le
860 2053 1091 2117 second
1110 2054 1352 2118 concile
1375 2053 1692 2136 d’Orange
1717 2071 1968 2136 envoya
1995 2072 2096 2117 ses
2117 2053 2363 2119 deci-ets
2386 2073 2472 2118 au

344 2181 498 2246 pape
538 2168 836 2230 Boniface
864 2172 943 2246 ΙΙ,
974 2168 1088 2250 qui
1117 2169 1210 2231 les
1258 2169 1595 2233 confirma.

420 2277 473 2335 A
501 2272 563 2335 la
594 2272 722 2337 tete
748 2273 839 2337 du
864 2275 1225 2338 manuscrit
1252 2277 1401 2357 qu’a
1436 2275 1603 2339 snivi
1650 2274 1981 2352 sirmond,
2011 2291 2098 2338 on
2125 2272 2293 2337 lisait
2315 2274 2477 2338 cette

342 2388 484 2451 note
513 2406 532 2451 ε

423 2524 453 2561 (ι
482 2507 556 2565 In
604 2501 726 2565 hoc
775 2503 915 2566 loco
964 2504 1333 2567 continetur
1383 2502 1667 2584 synodus
1731 2503 2064 2581 Arausica,
2109 2520 2311 2586 quam
2364 2519 2480 2583 per

340 2635 369 2673 ι»
405 2617 847 2680 auctoritatem
888 2620 969 2697 (1)
1008 2619 1266 2682 sanctus
1319 2635 1480 2699 papa
1528 2618 1892 2683 Bonifacius
1934 2617 2362 2682 confirmavit.
2403 2618 2479 2681 Et

339 2750 370 2789 n
403 2730 546 2795 ideo
593 2732 988 2816 quicumque
1027 2732 1213 2795 aliter
1276 2732 1353 2796 de
1390 2732 1597 2815 gratia
1620 2734 1685 2796 et
1722 2733 1926 2797 libero
1966 2733 2231 2797 arbitrio
2264 2731 2477 2798 credi-

340 2867 368 2905 »
404 2847 572 2912 derit
597 2866 801 2931 quam
830 2849 935 2912 vel
968 2848 1090 2912 ista
1118 2849 1463 2913 auctoritas
1494 2850 1788 2914 continet
1829 2851 1933 2914 vel
1984 2850 2052 2912 in
2085 2849 2196 2913 illa
2227 2848 2471 2931 synodo

338 2981 368 3021 n
396 2963 822 3027 constitutum
847 2965 967 3040 est,
998 2964 1400 3028 contrarium
1428 2983 1496 3028 se
1519 2964 1663 3028 Sedi
1687 2965 2041 3046 apostolicae
2068 2967 2131 3029 et
2156 2963 2477 3027 universae

339 3095 374 3137 ι
401 3094 514 3157 per
557 3078 772 3141 totum
800 3078 1127 3142 mundum
1156 3080 1445 3143 Ecclesiae
1468 3097 1608 3143 esse
1652 3081 2019 3161 cognoscat.
2052 3100 2085 3138 n
2124 3076 2467 3160 (sirmond,

341 3191 490 3255 tom.
523 3197 574 3270 Ι,
601 3211 747 3275 pag.
798 3195 968 3272 ⁶222.)

417 3311 502 3371 La
545 3308 966 3371 constitution
1020 3308 1097 3372 de
1127 3308 1424 3372 Boniface
1459 3312 1537 3385 ΙΙ,
1585 3308 1698 3390 qui
1752 3307 2066 3372 confirme
2109 3325 2182 3371 ce
2203 3306 2474 3386 concile,

341 3423 429 3486 est
455 3422 747 3487 adressee
790 3422 829 3486 a
858 3422 1029 3486 saint
1055 3421 1329 3499 cesana,
1377 3421 1620 3504 eve-que
1644 3422 1911 3487 d'Arlcs.
1944 3425 2039 3484 En
2080 3423 2248 3487 voici
2291 3422 2479 3504 quel-

342 3554 492 3618 quae
520 3555 822 3619 passages
851 3555 872 3599 ε
2278 3542 2284 3548 “

423 3659 454 3711 ‘a
479 3652 976 3716 Fraternitatem
1004 3654 1188 3715 tuam
1219 3652 1434 3715 habita
1475 3653 1840 3717 conlatione
1880 3671 2032 3717 cum
2079 3652 2472 3735 quibusdam

340 3785 372 3825 n
401 3767 846 3830 Sacerdotibus
881 3767 1265 3843 Galliarum,
1304 3769 1489 3847 Juxta
1536 3768 1736 3832 fidem
1787 3769 2150 3850 gaudemus
2195 3767 2473 3832 sensisse

340 3900 370 3938 n
400 3881 890 3944 catholicam...
926 3882 1328 3962 Quapropter
1360 3882 1591 3945 affectu
1633 3900 1919 3962 congruo
1946 3883 2319 3959 salutanteS,
2367 3899 2474 3945 su-

338 4018 368 4053 »
400 3997 828 4078 prascriptam
868 3997 1337 4065 confessionem
1376 3999 1661 4061 vestram
1712 3999 2210 4061 consentaneam
2256 3998 2475 4063 catho-

335 4111 540 4175 »licis
590 4114 855 4192 patrum
908 4113 1153 4194 regulis
1209 4112 1662 4194 adprobamus.
1697 4136 1729 4171 ιν
1767 4112 2142 4192 (Sirmond,
2191 4115 2348 4178 tom.
2403 4118 2467 4191 I,

335 4242 474 4307 pag.
522 4226 696 4308 223.)

395 4508 465 4572 (1)
487 4510 561 4559 On
588 4509 689 4558 sait
713 4507 866 4571 qu’on
896 4508 1104 4558 donnait
1127 4508 1175 4559 Ie
1198 4521 1319 4558 nom
1338 4507 1671 4561 d'auctoritas
1690 4524 1791 4561 aux
1807 4511 1980 4563 lettres
2012 4513 2205 4564 memes
2229 4512 2317 4563 des
2341 4510 2471 4561 Sou-

330 4599 525 4647 verains
547 4596 789 4648 PontifeS.
