3038 5623
370 757 671 805 CONCILE
724 759 935 807 PROV.
976 759 1114 807 PAR
1166 763 1490 811 lum-om·
1529 766 1628 812 Au
1678 755 2149 819 SAm‘r-smcss.
2258 753 2401 824 255

272 896 355 960 du
383 898 556 961 culte
603 897 715 962 des
744 899 991 982 images
1030 903 1144 984 qui
1188 903 1447 969 divisait
1476 907 1647 970 alors
1690 908 1786 972 les
1835 907 2065 990 eglises
2092 911 2403 978 d’Orient.

270 1012 443 1076 Voici
474 1031 569 1075 un
595 1014 825 1077 extrait
846 1015 926 1080 de
954 1018 1115 1081 cette
1139 1018 1320 1082 lettre
1348 1038 1366 1081 ε

351 1151 383 1188 α
410 1128 711 1192 Sanctissi
721 1147 826 1193 mo
849 1147 924 1194 ac
952 1133 1490 1197 reverendissimo
1517 1135 1758 1200 domno
1775 1139 1840 1202 et
1867 1139 1939 1203 in
1964 1140 2217 1205 Christo
2240 1145 2408 1224 patri

267 1264 302 1304 »
335 1243 648 1325 Eugeni0‚
678 1262 938 1310 summo
966 1247 1254 1313 Pontifici
1291 1250 1358 1312 et
1387 1251 1738 1316 universali
1779 1258 1981 1334 Papae,
2020 1256 2409 1321 Hludovicus

275 1380 306 1417 n
336 1362 400 1423 et
428 1360 754 1423 Htotarius
783 1360 1003 1425 divina
1028 1362 1370 1428 ordinante
1403 1365 1809 1430 Providentia
1847 1369 2267 1450 imperatores
2290 1391 2404 1434 au-

266 1495 298 1533 »
332 1475 527 1555 gusti,
562 1475 880 1554 spiritales
900 1477 1018 1540 filii
1041 1480 1263 1556 vestri,
1296 1481 1760 1561 sempiternam
1789 1483 1857 1545 in
1889 1485 2161 1548 Domino
2190 1488 2407 1550 nostro

270 1612 301 1647 n
345 1595 496 1654 ‚Iesu
547 1589 796 1653 Christo
848 1592 1150 1654 salutem.
1194 1594 1354 1671 Quia
1394 1596 1711 1659 veraciter
1755 1614 1872 1660 nos
1909 1597 2230 1663 debitores
2267 1617 2405 1664 esse

271 1726 306 1766 ))
349 1705 775 1786 cognovimus
805 1708 880 1769 ut
913 1707 1016 1771 liis
1039 1709 1274 1789 quibus
1304 1709 1598 1790 regimen
1629 1712 2046 1775 ecclesiarum
2079 1715 2145 1777 et
2178 1714 2405 1778 ovium

265 1841 296 1880 υ
332 1820 818 1885 dominicarum
862 1841 1018 1886 cura
1049 1823 1394 1887 commissa
1440 1826 1557 1903 est,
1602 1826 1671 1888 in
1715 1828 2021 1892 omnibus
2068 1830 2280 1893 causis
2323 1830 2402 1894 ad

273 1957 304 1994 υ
337 1936 638 1999 divinum
670 1937 919 2000 cultum
966 1938 1461 2018 pertinentibuS,
1491 1958 1680 2020 opem
1718 1942 1912 2022 atque
1942 1943 2258 2006 auxilium
2286 1962 2400 2025 pro

265 2070 293 2108 n
328 2052 641 2133 qualitate
668 2053 913 2114 virium
958 2053 1329 2117 nostrarum
1377 2056 1691 2134 feramuS‚
1735 2056 1971 2120 idcirco
2014 2060 2401 2138 praetermit-

261 2187 289 2224 ι
326 2169 459 2229 tere
487 2167 901 2248 nequivimus
927 2169 1088 2249 quin
1129 2169 1287 2233 tunc
1310 2170 1575 2251 quando
1602 2170 1792 2252 legati
1813 2176 2185 2235 Graecorum
2210 2174 2398 2236 nobis

261 2300 292 2339 1>
326 2282 913 2346 manifestaverunt
939 2285 1197 2364 qualem
1245 2284 1326 2348 ad
1366 2302 1481 2347 vos
1533 2284 1846 2348 deberent
1895 2287 2178 2365 perferre
2217 2288 2394 2368 lega-

270 2415 299 2453 »
335 2396 608 2473 tionem,
654 2415 916 2461 summa
960 2417 1116 2462 cura
1162 2402 1227 2463 et
1266 2399 1695 2463 sollicitudine
1738 2401 2165 2463 tractaremus
2206 2402 2394 2482 quale

254 2532 286 2569 »
319 2512 498 2574 vobis
528 2513 930 2593 adjutorium
961 2514 1031 2576 in
1074 2514 1199 2578 hoc
1227 2514 1483 2595 negotio
1510 2533 1663 2577 cum
1691 2515 1800 2578 Dei
1829 2515 2065 2578 auxilio
2093 2515 2394 2579 exhibere

267 2648 300 2683 α
328 2627 785 2706 potuissemus.
827 2630 903 2691 Et
943 2631 1025 2691 ob
1058 2630 1179 2692 hoc
1220 2646 1258 2691 a
1309 2631 1527 2691 Vestra
1571 2630 1914 2692 Sanctitate
1946 2629 2289 2710 petivimus
2320 2630 2392 2693 ut

264 2764 295 2798 »
328 2742 769 2822 Sacerdotibus
795 2745 1035 2807 nostris
1069 2745 1290 2807 liceret
1314 2743 1394 2807 de
1420 2744 1605 2806 libris
1636 2745 2010 2807 sanctorum
2041 2745 2391 2808 sententias

255 2877 289 2915 n
321 2877 608 2940 quaerere
653 2860 844 2942 atque
885 2860 1204 2941 colligere,
1256 2878 1403 2941 quae
1445 2860 1525 2922 ad
1575 2860 1871 2923 eamdem
1914 2878 2054 2923 rem
2102 2878 2218 2940 pro
2260 2877 2389 2942 qua

248 2994 283 3031 ι)
318 2974 513 3038 iidem
560 2976 756 3057 legati
797 2994 911 3039 vos
956 2976 1313 3040 consulturi
1356 2976 1545 3039 erant
1588 2978 1901 3041 veraciter
1949 2976 2385 3040 definiendam

240 3106 278 3145 n
316 3090 664 3152 convenire
694 3091 1069 3171 potuissent.
1096 3095 1263 3168 Quas
1285 3109 1439 3153 cum
1466 3091 1562 3153 illi
1589 3092 1772 3170 juxta
1793 3108 2164 3153 concessam
2188 3089 2386 3153 etiam

239 3223 278 3263 »
306 3221 350 3266 a
373 3205 552 3268 vobis
577 3205 913 3268 licentiam
939 3206 1201 3268 solerter
1228 3204 1660 3285 inquirerent,
1687 3205 1752 3266 et
1778 3203 2000 3265 divina
2026 3202 2384 3283 opitulante

236 3339 270 3376 n
310 3320 521 3400 gratia
549 3318 868 3401 quidquid
893 3319 1188 3382 invenire
1217 3321 1351 3381 tam
1389 3318 1570 3381 brevi
1601 3317 1907 3397 temporis
1936 3318 2139 3396 spatio
2165 3319 2384 3397 potue-

225 3454 263 3491 »
303 3436 470 3497 runt
491 3434 923 3515 collegissent,
950 3434 1135 3496 nobis
1163 3452 1236 3496 ea
1275 3432 1657 3514 perlegenda
1700 3431 2092 3495 direxerunt.
2140 3432 2382 3508 Quibus

222 3569 260 3606 n
298 3549 627 3628 perlectiS,
657 3567 735 3612 ea
762 3550 1001 3612 Vestrae
1044 3548 1373 3612 Sanctitati
1400 3547 1667 3629 legenda
1704 3549 1895 3628 atque
1925 3546 2376 3624 examinanda,

216 3683 255 3721 n
298 3680 427 3743 per
454 3663 570 3727 hos
597 3665 840 3744 legatos
869 3665 1142 3736 nostrOS‚
1176 3663 1569 3726 Hieremiam
1601 3662 1838 3725 scilicet
1864 3663 1928 3725 et
1970 3666 2229 3736 Jonam,
2260 3679 2375 3724 ve-

220 3806 253 3836 »
301 3779 639 3841 nerabiles
661 3779 1021 3858 EpiscopOS,
1044 3778 1299 3841 mittere
1323 3778 1776 3839 curavimus...
1803 3780 1968 3852 Quos
1992 3793 2123 3838 non
2149 3776 2230 3837 ob
2258 3776 2380 3838 hoc

202 3913 242 3952 ι)
286 3892 385 3957 ad
413 3894 654 3956 Vestrae
674 3893 999 3956 Almitatis
1025 3893 1432 3973 praesentiam
1456 3909 1611 3954 cum
1641 3889 2015 3954 memoratis
2034 3889 2379 3952 sententia-

206 4030 246 4068 »
286 4026 467 4071 rum
491 4008 976 4072 collectionibus
999 4007 1324 4082 misimUS‚
1349 4009 1421 4069 ut
1446 4007 1554 4070 hic
1575 4006 1791 4087 aliquo
1817 4004 1994 4066 velut
2023 4002 2376 4083 magisterii

198 4151 233 4186 κ
278 4125 520 4189 officio
556 4126 1016 4205 fungerentur,
1059 4126 1173 4186 aut
1218 4124 1348 4186 huc
1385 4120 1654 4185 docendi
1686 4120 1893 4201 gratia
1938 4117 2158 4182 directi
2195 4121 2379 4199 puta-

196 4265 232 4302 »
280 4241 542 4305 rentur
551 4259 571 4320 3
605 4241 759 4321 quia
795 4239 959 4302 sicut
980 4240 1119 4318 jam
1144 4236 1629 4301 commemorati
1662 4253 1890 4298 sumus
1914 4251 2030 4297 nos
2054 4233 2373 4298 debitores

185 4378 223 4416 n
266 4356 578 4420 existere
604 4355 678 4416 ut
707 4354 862 4417 h'uic
890 4355 1336 4417 sacratissimae
1360 4352 1501 4416 Sedi
1527 4352 1597 4414 in
1626 4351 2145 4433 quibuscumque
2176 4367 2374 4431 nego-

180 4497 217 4535 »
260 4474 395 4538 tiis
434 4469 750 4562 auxilium
791 4468 959 4532 ferre
991 4468 1364 4547 debeamuS‚
1413 4466 1556 4530 ideo
1584 4468 1647 4529 et
1689 4466 1803 4528 hos
1833 4464 2060 4527 missos
2100 4463 2164 4526 et
2209 4479 2370 4543 quas
