<?xml version="1.0" encoding="UTF-8"?>
<!DOCTYPE html PUBLIC "-//W3C//DTD XHTML 1.0 Transitional//EN"
    "http://www.w3.org/TR/xhtml1/DTD/xhtml1-transitional.dtd">
<html xmlns="http://www.w3.org/1999/xhtml" xml:lang="en" lang="en">
 <head>
  <title>
</title>
<meta http-equiv="Content-Type" content="text/html;charset=utf-8" />
  <meta name='ocr-system' content='tesseract 3.04.00' />
  <meta name='ocr-capabilities' content='ocr_page ocr_carea ocr_par ocr_line ocrx_word'/>
</head>
<body>
  <div class='ocr_page' id='page_1' title='image "./tractatusdeconc00bouigoog_0577.png"; bbox 0 0 3038 5623; ppageno 0'>
   <div class='ocr_carea' id='block_1_1' title="bbox 613 743 1922 822">
    <p class='ocr_par' dir='ltr' id='par_1_1' title="bbox 613 743 1922 822">
     <span class='ocr_line' id='line_1_1' title="bbox 613 743 1922 822; baseline 0.014 -20"><span class='ocrx_word' id='word_1_1' title='bbox 613 743 1100 811; x_wconf 67' lang='grc' dir='ltr'><strong>οέιιέΜοΝιΑι.</strong></span> <span class='ocrx_word' id='word_1_2' title='bbox 1787 751 1922 822; x_wconf 79' lang='lat'><strong>557</strong></span> 
     </span>
    </p>
   </div>
   <div class='ocr_carea' id='block_1_2' title="bbox 656 1036 1056 1099">
    <p class='ocr_par' dir='ltr' id='par_1_2' title="bbox 656 1036 1056 1099">
     <span class='ocr_line' id='line_1_2' title="bbox 656 1036 1056 1099; baseline 0.005 -2"><span class='ocrx_word' id='word_1_3' title='bbox 656 1036 929 1098; x_wconf 77' lang='lat' dir='ltr'><strong>Psaume</strong></span> <span class='ocrx_word' id='word_1_4' title='bbox 958 1042 1056 1099; x_wconf 85' lang='lat'><strong>78.</strong></span> 
     </span>
    </p>
   </div>
   <div class='ocr_carea' id='block_1_3' title="bbox 0 1280 1928 2977">
    <p class='ocr_par' dir='ltr' id='par_1_3' title="bbox 0 1280 1925 1590">
     <span class='ocr_line' id='line_1_3' title="bbox 0 1280 1925 1371; baseline 0.009 -32"><span class='ocrx_word' id='word_1_5' title='bbox 0 1294 53 1354; x_wconf 86' lang='lat' dir='ltr'><strong>S,</strong></span> <span class='ocrx_word' id='word_1_6' title='bbox 86 1281 411 1342; x_wconf 86' lang='lat' dir='ltr'><strong>venerunt</strong></span> <span class='ocrx_word' id='word_1_7' title='bbox 451 1280 674 1361; x_wconf 78' lang='lat' dir='ltr'><strong>gentes</strong></span> <span class='ocrx_word' id='word_1_8' title='bbox 713 1280 781 1344; x_wconf 90' lang='lat' dir='ltr'><strong>in</strong></span> <span class='ocrx_word' id='word_1_9' title='bbox 824 1281 1261 1348; x_wconf 72' lang='lat' dir='ltr'><strong>haereditatem</strong></span> <span class='ocrx_word' id='word_1_10' title='bbox 1284 1288 1501 1365; x_wconf 85' lang='lat' dir='ltr'><strong>tuam,</strong></span> <span class='ocrx_word' id='word_1_11' title='bbox 1555 1291 1925 1371; x_wconf 84' lang='lat' dir='ltr'><strong>polluerunt</strong></span> 
     </span>
     <span class='ocr_line' id='line_1_4' title="bbox 0 1397 1923 1488; baseline 0.009 -33"><span class='ocrx_word' id='word_1_12' title='bbox 0 1410 111 1455; x_wconf 91' lang='lat' dir='ltr'><strong>um</strong></span> <span class='ocrx_word' id='word_1_13' title='bbox 147 1397 446 1459; x_wconf 86' lang='lat' dir='ltr'><strong>sanctum</strong></span> <span class='ocrx_word' id='word_1_14' title='bbox 482 1398 699 1475; x_wconf 89' lang='lat' dir='ltr'><strong>tuum,</strong></span> <span class='ocrx_word' id='word_1_15' title='bbox 738 1399 764 1423; x_wconf 88' lang='lat'><em>*</em></span> <span class='ocrx_word' id='word_1_16' title='bbox 806 1402 1167 1479; x_wconf 89' lang='lat' dir='ltr'><strong>posuerunt</strong></span> <span class='ocrx_word' id='word_1_17' title='bbox 1196 1405 1558 1468; x_wconf 84' lang='lat' dir='ltr'>Jerusalem</span> <span class='ocrx_word' id='word_1_18' title='bbox 1590 1406 1659 1468; x_wconf 91' lang='lat' dir='ltr'><strong>in</strong></span> <span class='ocrx_word' id='word_1_19' title='bbox 1692 1425 1923 1488; x_wconf 89' lang='lat' dir='ltr'><strong>pomo·</strong></span> 
     </span>
     <span class='ocr_line' id='line_1_5' title="bbox 0 1509 929 1590; baseline 0.01 -20"><span class='ocrx_word' id='word_1_20' title='bbox 0 1509 358 1575; x_wconf 84' lang='lat' dir='ltr'><strong>:ustodiam.</strong></span> <span class='ocrx_word' id='word_1_21' title='bbox 924 1585 929 1590; x_wconf 61' lang='grc'>,</span> 
     </span>
    </p>

    <p class='ocr_par' dir='ltr' id='par_1_4' title="bbox 0 1624 1918 1812">
     <span class='ocr_line' id='line_1_6' title="bbox 0 1624 1918 1704; baseline 0.01 -19"><span class='ocrx_word' id='word_1_22' title='bbox 0 1625 227 1688; x_wconf 80' lang='lat' dir='ltr'><strong>uerunt</strong></span> <span class='ocrx_word' id='word_1_23' title='bbox 264 1624 607 1689; x_wconf 86' lang='lat' dir='ltr'><strong>morticina</strong></span> <span class='ocrx_word' id='word_1_24' title='bbox 648 1644 982 1692; x_wconf 81' lang='lat' dir='ltr'><strong>servorum</strong></span> <span class='ocrx_word' id='word_1_25' title='bbox 1031 1631 1300 1696; x_wconf 82' lang='lat' dir='ltr'><strong>tuorum</strong></span> <span class='ocrx_word' id='word_1_26' title='bbox 1339 1652 1513 1699; x_wconf 85' lang='lat' dir='ltr'><strong>escas</strong></span> <span class='ocrx_word' id='word_1_27' title='bbox 1551 1638 1918 1704; x_wconf 82' lang='lat' dir='ltr'><strong>volatilibus</strong></span> 
     </span>
     <span class='ocr_line' id='line_1_7' title="bbox 0 1741 1455 1812; baseline 0.008 -11"><span class='ocrx_word' id='word_1_28' title='bbox 0 1741 14 1770; x_wconf 57' lang='lat'><em>³</em></span> <span class='ocrx_word' id='word_1_29' title='bbox 41 1756 264 1803; x_wconf 87' lang='lat' dir='ltr'><strong>carnes</strong></span> <span class='ocrx_word' id='word_1_30' title='bbox 293 1746 665 1806; x_wconf 86' lang='lat' dir='ltr'><strong>sanctorum</strong></span> <span class='ocrx_word' id='word_1_31' title='bbox 694 1744 960 1808; x_wconf 83' lang='lat' dir='ltr'><strong>tuorum</strong></span> <span class='ocrx_word' id='word_1_32' title='bbox 989 1745 1209 1812; x_wconf 89' lang='lat' dir='ltr'><strong>bestiis</strong></span> <span class='ocrx_word' id='word_1_33' title='bbox 1238 1748 1455 1812; x_wconf 80' lang='lat' dir='ltr'><strong>terrae.</strong></span> 
     </span>
    </p>

    <p class='ocr_par' dir='ltr' id='par_1_5' title="bbox 0 1854 1928 2056">
     <span class='ocr_line' id='line_1_8' title="bbox 0 1854 1928 1946; baseline 0.008 -29"><span class='ocrx_word' id='word_1_34' title='bbox 0 1854 255 1918; x_wconf 73' lang='lat' dir='ltr'><strong>iderunt</strong></span> <span class='ocrx_word' id='word_1_35' title='bbox 284 1857 673 1938; x_wconf 87' lang='lat' dir='ltr'><strong>sanguinem</strong></span> <span class='ocrx_word' id='word_1_36' title='bbox 693 1877 923 1922; x_wconf 88' lang='lat' dir='ltr'><strong>eorum</strong></span> <span class='ocrx_word' id='word_1_37' title='bbox 947 1861 1263 1943; x_wconf 77' lang='lat' dir='ltr'><strong>tanquam</strong></span> <span class='ocrx_word' id='word_1_38' title='bbox 1287 1880 1528 1946; x_wconf 88' lang='lat' dir='ltr'><strong>aquam</strong></span> <span class='ocrx_word' id='word_1_39' title='bbox 1558 1865 1628 1928; x_wconf 88' lang='lat' dir='ltr'><strong>in</strong></span> <span class='ocrx_word' id='word_1_40' title='bbox 1650 1866 1928 1932; x_wconf 86' lang='lat' dir='ltr'><strong>circuitu</strong></span> 
     </span>
     <span class='ocr_line' id='line_1_9' title="bbox 0 1971 1156 2056; baseline 0.007 -24"><span class='ocrx_word' id='word_1_41' title='bbox 0 1971 176 2049; x_wconf 67' lang='lat' dir='ltr'><strong>tlem3</strong></span> <span class='ocrx_word' id='word_1_42' title='bbox 206 1971 239 2006; x_wconf 83' lang='grc'><em>*</em></span> <span class='ocrx_word' id='word_1_43' title='bbox 265 1972 330 2035; x_wconf 87' lang='lat' dir='ltr'><strong>et</strong></span> <span class='ocrx_word' id='word_1_44' title='bbox 357 1990 490 2035; x_wconf 91' lang='lat' dir='ltr'><strong>non</strong></span> <span class='ocrx_word' id='word_1_45' title='bbox 520 1975 658 2036; x_wconf 87' lang='lat' dir='ltr'><strong>erat</strong></span> <span class='ocrx_word' id='word_1_46' title='bbox 687 1975 802 2056; x_wconf 90' lang='lat' dir='ltr'><strong>qui</strong></span> <span class='ocrx_word' id='word_1_47' title='bbox 835 1976 1156 2056; x_wconf 82' lang='lat' dir='ltr'><strong>sepeliret.</strong></span> 
     </span>
    </p>

    <p class='ocr_par' dir='ltr' id='par_1_6' title="bbox 0 2084 1926 2283">
     <span class='ocr_line' id='line_1_10' title="bbox 0 2084 1926 2173; baseline 0.006 -25"><span class='ocrx_word' id='word_1_48' title='bbox 0 2084 36 2148; x_wconf 75' lang='lat' dir='ltr'><strong>ti</strong></span> <span class='ocrx_word' id='word_1_49' title='bbox 64 2103 295 2149; x_wconf 91' lang='lat' dir='ltr'><strong>sumus</strong></span> <span class='ocrx_word' id='word_1_50' title='bbox 328 2089 752 2168; x_wconf 90' lang='lat' dir='ltr'><strong>opprobrium</strong></span> <span class='ocrx_word' id='word_1_51' title='bbox 779 2089 1014 2153; x_wconf 75' lang='lat' dir='ltr'><strong>vicinis</strong></span> <span class='ocrx_word' id='word_1_52' title='bbox 1053 2092 1289 2155; x_wconf 84' lang='lat' dir='ltr'><strong>nostris</strong></span> <span class='ocrx_word' id='word_1_53' title='bbox 1300 2112 1321 2173; x_wconf 90' lang='lat'>;</span> <span class='ocrx_word' id='word_1_54' title='bbox 1355 2094 1380 2121; x_wconf 70' lang='lat'><em>⁴</em></span> <span class='ocrx_word' id='word_1_55' title='bbox 1411 2095 1832 2160; x_wconf 81' lang='lat' dir='ltr'><strong>subsannatio</strong></span> <span class='ocrx_word' id='word_1_56' title='bbox 1862 2099 1926 2161; x_wconf 90' lang='lat' dir='ltr'><strong>et</strong></span> 
     </span>
     <span class='ocr_line' id='line_1_11' title="bbox 0 2199 1149 2283; baseline 0.006 -21"><span class='ocrx_word' id='word_1_57' title='bbox 0 2230 4 2253; x_wconf 80' lang='lat'>›</span> <span class='ocrx_word' id='word_1_58' title='bbox 32 2199 155 2278; x_wconf 89' lang='lat' dir='ltr'><strong>his,</strong></span> <span class='ocrx_word' id='word_1_59' title='bbox 184 2201 392 2283; x_wconf 89' lang='lat' dir='ltr'><strong>quiin</strong></span> <span class='ocrx_word' id='word_1_60' title='bbox 417 2202 691 2267; x_wconf 79' lang='lat' dir='ltr'><strong>circuitu</strong></span> <span class='ocrx_word' id='word_1_61' title='bbox 724 2205 943 2268; x_wconf 86' lang='lat' dir='ltr'><strong>nostro</strong></span> <span class='ocrx_word' id='word_1_62' title='bbox 972 2208 1149 2269; x_wconf 86' lang='lat' dir='ltr'><strong>sunt.</strong></span> 
     </span>
    </p>

    <p class='ocr_par' dir='ltr' id='par_1_7' title="bbox 0 2317 1921 2496">
     <span class='ocr_line' id='line_1_12' title="bbox 0 2317 1921 2402; baseline 0.006 -22"><span class='ocrx_word' id='word_1_63' title='bbox 0 2334 231 2400; x_wconf 88' lang='lat' dir='ltr'><strong>uequo,</strong></span> <span class='ocrx_word' id='word_1_64' title='bbox 258 2317 555 2397; x_wconf 86' lang='lat' dir='ltr'><strong>Domine,</strong></span> <span class='ocrx_word' id='word_1_65' title='bbox 587 2319 880 2383; x_wconf 85' lang='lat' dir='ltr'><strong>irasceris</strong></span> <span class='ocrx_word' id='word_1_66' title='bbox 904 2321 973 2384; x_wconf 92' lang='lat' dir='ltr'><strong>in</strong></span> <span class='ocrx_word' id='word_1_67' title='bbox 999 2321 1227 2402; x_wconf 87' lang='lat' dir='ltr'><strong>finem,</strong></span> <span class='ocrx_word' id='word_1_68' title='bbox 1256 2327 1280 2348; x_wconf 80' lang='lat'>*</span> <span class='ocrx_word' id='word_1_69' title='bbox 1310 2325 1700 2391; x_wconf 80' lang='lat' dir='ltr'><strong>accendetur</strong></span> <span class='ocrx_word' id='word_1_70' title='bbox 1737 2329 1921 2393; x_wconf 84' lang='lat' dir='ltr'><strong>velut</strong></span> 
     </span>
     <span class='ocr_line' id='line_1_13' title="bbox 0 2433 394 2496; baseline 0.003 -1"><span class='ocrx_word' id='word_1_71' title='bbox 0 2433 169 2496; x_wconf 86' lang='lat' dir='ltr'><strong>zelus</strong></span> <span class='ocrx_word' id='word_1_72' title='bbox 196 2435 394 2496; x_wconf 72' lang='lat' dir='ltr'><strong>tuus?</strong></span> 
     </span>
    </p>

    <p class='ocr_par' dir='ltr' id='par_1_8' title="bbox 0 2547 1924 2750">
     <span class='ocr_line' id='line_1_14' title="bbox 0 2547 1924 2636; baseline 0.006 -27"><span class='ocrx_word' id='word_1_73' title='bbox 0 2547 135 2611; x_wconf 28' lang='lat' dir='ltr'><strong>*nde</strong></span> <span class='ocrx_word' id='word_1_74' title='bbox 161 2548 327 2611; x_wconf 84' lang='lat' dir='ltr'><strong>iram</strong></span> <span class='ocrx_word' id='word_1_75' title='bbox 351 2550 534 2613; x_wconf 85' lang='lat' dir='ltr'><strong>tuam</strong></span> <span class='ocrx_word' id='word_1_76' title='bbox 565 2549 631 2613; x_wconf 90' lang='lat' dir='ltr'><strong>in</strong></span> <span class='ocrx_word' id='word_1_77' title='bbox 658 2558 877 2633; x_wconf 82' lang='lat' dir='ltr'><strong>gentes</strong></span> <span class='ocrx_word' id='word_1_78' title='bbox 904 2571 1048 2634; x_wconf 85' lang='lat' dir='ltr'><strong>quae</strong></span> <span class='ocrx_word' id='word_1_79' title='bbox 1072 2556 1134 2617; x_wconf 88' lang='lat' dir='ltr'><strong>te</strong></span> <span class='ocrx_word' id='word_1_80' title='bbox 1160 2572 1292 2617; x_wconf 91' lang='lat' dir='ltr'><strong>non</strong></span> <span class='ocrx_word' id='word_1_81' title='bbox 1327 2558 1679 2636; x_wconf 86' lang='lat' dir='ltr'><strong>noverunt,</strong></span> <span class='ocrx_word' id='word_1_82' title='bbox 1703 2558 1736 2593; x_wconf 83' lang='grc'><em>*</em></span> <span class='ocrx_word' id='word_1_83' title='bbox 1758 2559 1822 2621; x_wconf 87' lang='lat' dir='ltr'><strong>et</strong></span> <span class='ocrx_word' id='word_1_84' title='bbox 1853 2557 1924 2620; x_wconf 89' lang='lat' dir='ltr'><strong>in</strong></span> 
     </span>
     <span class='ocr_line' id='line_1_15' title="bbox 18 2666 1352 2750; baseline 0.004 -23"><span class='ocrx_word' id='word_1_85' title='bbox 18 2682 161 2747; x_wconf 85' lang='lat' dir='ltr'><strong>quae</strong></span> <span class='ocrx_word' id='word_1_86' title='bbox 190 2682 433 2728; x_wconf 89' lang='lat' dir='ltr'><strong>nomen</strong></span> <span class='ocrx_word' id='word_1_87' title='bbox 462 2666 656 2729; x_wconf 80' lang='lat' dir='ltr'><strong>tuum</strong></span> <span class='ocrx_word' id='word_1_88' title='bbox 680 2685 816 2730; x_wconf 90' lang='lat' dir='ltr'><strong>non</strong></span> <span class='ocrx_word' id='word_1_89' title='bbox 846 2667 1313 2732; x_wconf 86' lang='lat' dir='ltr'><strong>invocaverunt</strong></span> <span class='ocrx_word' id='word_1_90' title='bbox 1329 2687 1352 2750; x_wconf 81' lang='lat'>3</span> 
     </span>
    </p>

    <p class='ocr_par' dir='ltr' id='par_1_9' title="bbox 0 2780 1798 2866">
     <span class='ocr_line' id='line_1_16' title="bbox 0 2780 1798 2866; baseline 0.004 -23"><span class='ocrx_word' id='word_1_91' title='bbox 0 2797 23 2843; x_wconf 75' lang='grc' dir='ltr'><strong>ι</strong></span> <span class='ocrx_word' id='word_1_92' title='bbox 52 2780 474 2845; x_wconf 87' lang='lat' dir='ltr'><strong>comederunt</strong></span> <span class='ocrx_word' id='word_1_93' title='bbox 501 2783 717 2861; x_wconf 86' lang='lat' dir='ltr'><strong>Jacob,</strong></span> <span class='ocrx_word' id='word_1_94' title='bbox 742 2783 773 2819; x_wconf 84' lang='lat'>*</span> <span class='ocrx_word' id='word_1_95' title='bbox 804 2784 869 2847; x_wconf 87' lang='lat' dir='ltr'><strong>et</strong></span> <span class='ocrx_word' id='word_1_96' title='bbox 905 2784 1122 2848; x_wconf 88' lang='lat' dir='ltr'><strong>locum</strong></span> <span class='ocrx_word' id='word_1_97' title='bbox 1152 2786 1294 2866; x_wconf 76' lang='lat' dir='ltr'><strong>eJus</strong></span> <span class='ocrx_word' id='word_1_98' title='bbox 1324 2783 1798 2851; x_wconf 85' lang='lat' dir='ltr'><strong>desolaverunt.</strong></span> 
     </span>
    </p>

    <p class='ocr_par' dir='ltr' id='par_1_10' title="bbox 0 2894 850 2977">
     <span class='ocr_line' id='line_1_17' title="bbox 0 2894 850 2977; baseline 0.002 -19"><span class='ocrx_word' id='word_1_99' title='bbox 0 2894 86 2959; x_wconf 75' lang='lat' dir='ltr'><strong>ria</strong></span> <span class='ocrx_word' id='word_1_100' title='bbox 115 2897 309 2960; x_wconf 84' lang='lat' dir='ltr'><strong>Patri.</strong></span> <span class='ocrx_word' id='word_1_101' title='bbox 342 2898 515 2962; x_wconf 88' lang='lat' dir='ltr'><strong>Sicut</strong></span> <span class='ocrx_word' id='word_1_102' title='bbox 537 2899 700 2977; x_wconf 86' lang='lat' dir='ltr'><strong>erat,</strong></span> <span class='ocrx_word' id='word_1_103' title='bbox 726 2899 850 2963; x_wconf 86' lang='lat' dir='ltr'><strong>etc.</strong></span> 
     </span>
    </p>
   </div>
   <div class='ocr_carea' id='block_1_4' title="bbox 0 3114 1925 3325">
    <p class='ocr_par' dir='ltr' id='par_1_11' title="bbox 0 3114 1925 3325">
     <span class='ocr_line' id='line_1_18' title="bbox 0 3114 1925 3198; baseline 0.002 -21"><span class='ocrx_word' id='word_1_104' title='bbox 0 3114 122 3192; x_wconf 60' lang='lat' dir='ltr'><strong>ade,</strong></span> <span class='ocrx_word' id='word_1_105' title='bbox 151 3115 329 3196; x_wconf 78' lang='lat' dir='ltr'><strong>finito</strong></span> <span class='ocrx_word' id='word_1_106' title='bbox 353 3115 620 3195; x_wconf 77' lang='lat' dir='ltr'><strong>psalmO,</strong></span> <span class='ocrx_word' id='word_1_107' title='bbox 652 3122 708 3178; x_wconf 85' lang='lat' dir='ltr'><strong>et</strong></span> <span class='ocrx_word' id='word_1_108' title='bbox 728 3118 984 3196; x_wconf 81' lang='lat' dir='ltr'><strong>repetita</strong></span> <span class='ocrx_word' id='word_1_109' title='bbox 1013 3117 1380 3197; x_wconf 76' lang='lat' dir='ltr'><strong>antiphona,</strong></span> <span class='ocrx_word' id='word_1_110' title='bbox 1408 3117 1724 3198; x_wconf 75' lang='lat' dir='ltr'><strong>Pontifeoe,</strong></span> <span class='ocrx_word' id='word_1_111' title='bbox 1742 3116 1925 3196; x_wconf 84' lang='lat' dir='ltr'><strong>depo-</strong></span> 
     </span>
     <span class='ocr_line' id='line_1_19' title="bbox 0 3230 1493 3325; baseline 0.001 -33"><span class='ocrx_word' id='word_1_112' title='bbox 0 3230 156 3308; x_wconf 73' lang='lat' dir='ltr'><strong>itra,</strong></span> <span class='ocrx_word' id='word_1_113' title='bbox 181 3231 403 3325; x_wconf 69' lang='lat' dir='ltr'><strong>surqit,</strong></span> <span class='ocrx_word' id='word_1_114' title='bbox 436 3238 493 3293; x_wconf 79' lang='lat' dir='ltr'><strong>et</strong></span> <span class='ocrx_word' id='word_1_115' title='bbox 518 3237 689 3293; x_wconf 75' lang='lat' dir='ltr'><strong>stans</strong></span> <span class='ocrx_word' id='word_1_116' title='bbox 716 3248 928 3294; x_wconf 79' lang='lat' dir='ltr'><strong>versus</strong></span> <span class='ocrx_word' id='word_1_117' title='bbox 953 3230 1038 3295; x_wconf 85' lang='lat' dir='ltr'><strong>ad</strong></span> <span class='ocrx_word' id='word_1_118' title='bbox 1060 3232 1258 3295; x_wconf 80' lang='lat' dir='ltr'><strong>altare</strong></span> <span class='ocrx_word' id='word_1_119' title='bbox 1285 3232 1439 3295; x_wconf 79' lang='lat' dir='ltr'><strong>dicit</strong></span> <span class='ocrx_word' id='word_1_120' title='bbox 1472 3255 1493 3295; x_wconf 80' lang='lat'><strong>.-</strong></span> 
     </span>
    </p>
   </div>
   <div class='ocr_carea' id='block_1_5' title="bbox 0 3443 1930 3643">
    <p class='ocr_par' dir='ltr' id='par_1_12' title="bbox 0 3443 1930 3643">
     <span class='ocr_line' id='line_1_20' title="bbox 0 3443 1928 3528; baseline 0.002 -23"><span class='ocrx_word' id='word_1_121' title='bbox 0 3443 372 3508; x_wconf 88' lang='lat' dir='ltr'><strong>memineris</strong></span> <span class='ocrx_word' id='word_1_122' title='bbox 392 3444 815 3526; x_wconf 83' lang='lat' dir='ltr'><strong>iniquitatum</strong></span> <span class='ocrx_word' id='word_1_123' title='bbox 840 3446 1214 3508; x_wconf 84' lang='lat' dir='ltr'><strong>nostrarum</strong></span> <span class='ocrx_word' id='word_1_124' title='bbox 1244 3445 1666 3528; x_wconf 83' lang='lat' dir='ltr'><strong>antiquarum</strong></span> <span class='ocrx_word' id='word_1_125' title='bbox 1698 3463 1715 3509; x_wconf 72' lang='grc' dir='ltr'>ε</span> <span class='ocrx_word' id='word_1_126' title='bbox 1748 3446 1775 3472; x_wconf 93' lang='lat'><strong>*</strong></span> <span class='ocrx_word' id='word_1_127' title='bbox 1802 3444 1928 3508; x_wconf 88' lang='lat' dir='ltr'><strong>cito</strong></span> 
     </span>
     <span class='ocr_line' id='line_1_21' title="bbox 0 3559 1930 3643; baseline 0.001 -20"><span class='ocrx_word' id='word_1_128' title='bbox 0 3560 144 3640; x_wconf 86' lang='lat' dir='ltr'><strong>pent</strong></span> <span class='ocrx_word' id='word_1_129' title='bbox 167 3577 301 3623; x_wconf 92' lang='lat' dir='ltr'><strong>non</strong></span> <span class='ocrx_word' id='word_1_130' title='bbox 332 3559 787 3623; x_wconf 73' lang='lat' dir='ltr'><strong>misericordiae</strong></span> <span class='ocrx_word' id='word_1_131' title='bbox 814 3561 969 3639; x_wconf 82' lang='lat' dir='ltr'><strong>tuae,</strong></span> <span class='ocrx_word' id='word_1_132' title='bbox 997 3559 1149 3643; x_wconf 90' lang='lat' dir='ltr'><strong>quia</strong></span> <span class='ocrx_word' id='word_1_133' title='bbox 1173 3578 1485 3642; x_wconf 86' lang='lat' dir='ltr'><strong>pauperes</strong></span> <span class='ocrx_word' id='word_1_134' title='bbox 1516 3561 1665 3625; x_wconf 85' lang='lat' dir='ltr'><strong>facti</strong></span> <span class='ocrx_word' id='word_1_135' title='bbox 1698 3579 1930 3625; x_wconf 89' lang='lat' dir='ltr'><strong>sumus</strong></span> 
     </span>
    </p>
   </div>
   <div class='ocr_carea' id='block_1_6' title="bbox 0 3791 1936 4567">
    <p class='ocr_par' dir='ltr' id='par_1_13' title="bbox 0 3791 1926 3985">
     <span class='ocr_line' id='line_1_22' title="bbox 0 3791 1926 3873; baseline 0.001 -20"><span class='ocrx_word' id='word_1_136' title='bbox 0 3809 124 3855; x_wconf 85' lang='lat' dir='ltr'><strong>uva</strong></span> <span class='ocrx_word' id='word_1_137' title='bbox 158 3809 311 3868; x_wconf 81' lang='lat' dir='ltr'><strong>nOS,</strong></span> <span class='ocrx_word' id='word_1_138' title='bbox 357 3795 521 3855; x_wconf 92' lang='lat' dir='ltr'><strong>Deus</strong></span> <span class='ocrx_word' id='word_1_139' title='bbox 558 3791 854 3855; x_wconf 86' lang='lat' dir='ltr'><strong>salutaris</strong></span> <span class='ocrx_word' id='word_1_140' title='bbox 892 3794 1109 3855; x_wconf 89' lang='lat' dir='ltr'><strong>noster</strong></span> <span class='ocrx_word' id='word_1_141' title='bbox 1118 3811 1139 3873; x_wconf 84' lang='lat'>3</span> <span class='ocrx_word' id='word_1_142' title='bbox 1180 3793 1205 3820; x_wconf 70' lang='lat'>⁴</span> <span class='ocrx_word' id='word_1_143' title='bbox 1249 3792 1313 3854; x_wconf 88' lang='lat' dir='ltr'><strong>et</strong></span> <span class='ocrx_word' id='word_1_144' title='bbox 1353 3793 1614 3873; x_wconf 87' lang='lat' dir='ltr'><strong>propter</strong></span> <span class='ocrx_word' id='word_1_145' title='bbox 1655 3793 1926 3873; x_wconf 83' lang='lat' dir='ltr'><strong>gloriam</strong></span> 
     </span>
     <span class='ocr_line' id='line_1_23' title="bbox 0 3906 980 3985; baseline 0.001 -17"><span class='ocrx_word' id='word_1_146' title='bbox 0 3906 82 3970; x_wconf 78' lang='lat' dir='ltr'><strong>iis</strong></span> <span class='ocrx_word' id='word_1_147' title='bbox 108 3906 230 3983; x_wconf 85' lang='lat' dir='ltr'><strong>tui,</strong></span> <span class='ocrx_word' id='word_1_148' title='bbox 258 3907 550 3985; x_wconf 90' lang='lat' dir='ltr'><strong>Domine,</strong></span> <span class='ocrx_word' id='word_1_149' title='bbox 578 3906 782 3970; x_wconf 90' lang='lat' dir='ltr'><strong>libera</strong></span> <span class='ocrx_word' id='word_1_150' title='bbox 810 3925 928 3970; x_wconf 89' lang='lat' dir='ltr'><strong>nos</strong></span> <span class='ocrx_word' id='word_1_151' title='bbox 963 3926 980 3969; x_wconf 72' lang='grc' dir='ltr'><strong><em>ε</em></strong></span> 
     </span>
    </p>

    <p class='ocr_par' dir='ltr' id='par_1_14' title="bbox 0 4022 1936 4451">
     <span class='ocr_line' id='line_1_24' title="bbox 0 4022 1926 4104; baseline -0.001 -18"><span class='ocrx_word' id='word_1_152' title='bbox 0 4022 310 4103; x_wconf 87' lang='lat' dir='ltr'><strong>propitius</strong></span> <span class='ocrx_word' id='word_1_153' title='bbox 338 4024 471 4086; x_wconf 87' lang='lat' dir='ltr'><strong>esto</strong></span> <span class='ocrx_word' id='word_1_154' title='bbox 498 4022 770 4103; x_wconf 85' lang='lat' dir='ltr'><strong>peccatis</strong></span> <span class='ocrx_word' id='word_1_155' title='bbox 805 4022 1043 4086; x_wconf 86' lang='lat' dir='ltr'><strong>nostris</strong></span> <span class='ocrx_word' id='word_1_156' title='bbox 1068 4023 1093 4050; x_wconf 70' lang='lat'><em>⁴</em></span> <span class='ocrx_word' id='word_1_157' title='bbox 1134 4023 1394 4104; x_wconf 86' lang='lat' dir='ltr'><strong>propter</strong></span> <span class='ocrx_word' id='word_1_158' title='bbox 1431 4039 1673 4085; x_wconf 89' lang='lat' dir='ltr'><strong>nomen</strong></span> <span class='ocrx_word' id='word_1_159' title='bbox 1703 4023 1926 4102; x_wconf 70' lang='lat' dir='ltr'><strong>tuum,</strong></span> 
     </span>
     <span class='ocr_line' id='line_1_25' title="bbox 0 4136 1732 4219; baseline -0.001 -19"><span class='ocrx_word' id='word_1_160' title='bbox 0 4138 158 4202; x_wconf 79' lang='lat' dir='ltr'><strong>forte</strong></span> <span class='ocrx_word' id='word_1_161' title='bbox 186 4136 407 4200; x_wconf 86' lang='lat' dir='ltr'><strong>dicant</strong></span> <span class='ocrx_word' id='word_1_162' title='bbox 433 4138 504 4201; x_wconf 88' lang='lat' dir='ltr'><strong>in</strong></span> <span class='ocrx_word' id='word_1_163' title='bbox 536 4137 837 4219; x_wconf 86' lang='lat' dir='ltr'><strong>gentibus</strong></span> <span class='ocrx_word' id='word_1_164' title='bbox 869 4155 886 4199; x_wconf 75' lang='lat' dir='ltr'><strong><em>z</em></strong></span> <span class='ocrx_word' id='word_1_165' title='bbox 931 4138 955 4163; x_wconf 76' lang='lat'><em>*</em></span> <span class='ocrx_word' id='word_1_166' title='bbox 998 4137 1117 4202; x_wconf 88' lang='lat' dir='ltr'><strong>Ubi</strong></span> <span class='ocrx_word' id='word_1_167' title='bbox 1151 4138 1245 4201; x_wconf 89' lang='lat' dir='ltr'><strong>est</strong></span> <span class='ocrx_word' id='word_1_168' title='bbox 1276 4142 1444 4201; x_wconf 89' lang='lat' dir='ltr'><strong>Deus</strong></span> <span class='ocrx_word' id='word_1_169' title='bbox 1467 4142 1732 4200; x_wconf 79' lang='lat' dir='ltr'><strong>eorum?</strong></span> 
     </span>
     <span class='ocr_line' id='line_1_26' title="bbox 0 4250 1936 4316; baseline -0.002 0"><span class='ocrx_word' id='word_1_170' title='bbox 0 4252 347 4316; x_wconf 82' lang='lat' dir='ltr'><strong>innotescat</strong></span> <span class='ocrx_word' id='word_1_171' title='bbox 390 4253 461 4315; x_wconf 88' lang='lat' dir='ltr'><strong>in</strong></span> <span class='ocrx_word' id='word_1_172' title='bbox 502 4252 873 4316; x_wconf 88' lang='lat' dir='ltr'><strong>nationibus</strong></span> <span class='ocrx_word' id='word_1_173' title='bbox 913 4270 1135 4316; x_wconf 83' lang='lat' dir='ltr'><strong>coram</strong></span> <span class='ocrx_word' id='word_1_174' title='bbox 1174 4252 1376 4316; x_wconf 88' lang='lat' dir='ltr'><strong>oculis</strong></span> <span class='ocrx_word' id='word_1_175' title='bbox 1417 4252 1655 4315; x_wconf 87' lang='lat' dir='ltr'><strong>nostris</strong></span> <span class='ocrx_word' id='word_1_176' title='bbox 1699 4252 1725 4281; x_wconf 91' lang='lat'><strong>*</strong></span> <span class='ocrx_word' id='word_1_177' title='bbox 1770 4250 1936 4314; x_wconf 90' lang='lat' dir='ltr'><strong>ultio</strong></span> 
     </span>
     <span class='ocr_line' id='line_1_27' title="bbox 0 4367 1375 4451; baseline 0 -20"><span class='ocrx_word' id='word_1_178' title='bbox 0 4367 135 4432; x_wconf 67' lang='lat' dir='ltr'><strong>duis</strong></span> <span class='ocrx_word' id='word_1_179' title='bbox 160 4385 501 4432; x_wconf 85' lang='lat' dir='ltr'><strong>servorum</strong></span> <span class='ocrx_word' id='word_1_180' title='bbox 533 4369 825 4446; x_wconf 87' lang='lat' dir='ltr'><strong>tuorum,</strong></span> <span class='ocrx_word' id='word_1_181' title='bbox 853 4368 966 4451; x_wconf 90' lang='lat' dir='ltr'><strong>qui</strong></span> <span class='ocrx_word' id='word_1_182' title='bbox 991 4368 1235 4431; x_wconf 85' lang='lat' dir='ltr'><strong>effusus</strong></span> <span class='ocrx_word' id='word_1_183' title='bbox 1260 4369 1375 4431; x_wconf 89' lang='lat' dir='ltr'><strong>est.</strong></span> 
     </span>
    </p>

    <p class='ocr_par' dir='ltr' id='par_1_15' title="bbox 0 4462 1696 4567">
     <span class='ocr_line' id='line_1_28' title="bbox 0 4462 1696 4567; baseline -0.004 -18"><span class='ocrx_word' id='word_1_184' title='bbox 0 4485 159 4549; x_wconf 67' lang='lat' dir='ltr'><strong>roeat</strong></span> <span class='ocrx_word' id='word_1_185' title='bbox 190 4484 261 4548; x_wconf 88' lang='lat' dir='ltr'><strong>in</strong></span> <span class='ocrx_word' id='word_1_186' title='bbox 284 4485 631 4567; x_wconf 82' lang='lat' dir='ltr'><strong>conspectu</strong></span> <span class='ocrx_word' id='word_1_187' title='bbox 659 4485 771 4549; x_wconf 87' lang='lat' dir='ltr'><strong>tuo</strong></span> <span class='ocrx_word' id='word_1_188' title='bbox 796 4485 821 4512; x_wconf 70' lang='lat'>⁴</span> <span class='ocrx_word' id='word_1_189' title='bbox 853 4484 1137 4567; x_wconf 85' lang='lat' dir='ltr'><strong>gemitus</strong></span> <span class='ocrx_word' id='word_1_190' title='bbox 1164 4462 1696 4565; x_wconf 81' lang='lat' dir='ltr'><strong>compeditorum.</strong></span> 
     </span>
    </p>
   </div>
  </div>
 </body>
</html>
