3038 5623
1138 789 1627 851 canMomAL.
1648 786 1651 789 ’
2312 787 2400 856 57
2415 787 2444 854 1

317 966 447 1031 que
500 964 838 1010 sacrorum
896 964 1227 1010 canonum
1270 930 1758 1028 interpretibuS,
1806 947 2085 1031 intelligi
2139 952 2460 1031 possunt:

323 1062 537 1144 primo
566 1063 691 1126 erit
720 1061 1217 1141 advertendum,
1258 1062 1621 1143 praesertim
1652 1063 1722 1125 in
1763 1064 2033 1127 concilio
2086 1066 2462 1146 provinciali

316 1177 639 1257 habendO,
685 1179 758 1240 ut
797 1178 932 1241 dies
977 1176 1408 1242 inchoationis
1451 1177 1827 1259 hujusmodi
1873 1180 2126 1244 concilii
2180 1200 2294 1262 per
2335 1199 2458 1262 pu-

314 1293 482 1356 blica
508 1292 920 1370 documenta,
950 1293 1257 1356 omnibus
1286 1293 1398 1375 qui
1439 1292 1518 1356 de
1543 1295 1694 1375 jure
1722 1294 1828 1358 vel
1856 1295 2324 1360 consuetudine
2354 1297 2458 1361 in-

316 1410 553 1473 teresse
590 1408 852 1488 debent,
898 1409 1352 1490 denuntietur3
1411 1410 1476 1474 et
1519 1411 1594 1472 ut
1640 1409 1895 1490 plenius
1928 1410 2324 1492 divulgetur,
2389 1412 2483 1474 in·

316 1523 423 1587 die
451 1523 852 1606 Epiphaniae,
898 1543 1051 1588 cum
1091 1525 1416 1607 frequenti
1446 1525 1682 1607 populo
1740 1525 1912 1588 intra
1942 1526 2296 1590 missarum
2353 1544 2461 1591 so-

315 1639 561 1703 lemnia
587 1639 959 1703 festivitates
984 1642 1125 1721 ejus
1152 1640 1313 1703 anni
1337 1641 1760 1704 solemniores
1801 1640 2247 1716 denuntiatur,
2281 1643 2459 1723 pote-

317 1754 407 1817 rit
447 1755 584 1817 loco
612 1771 752 1833 suo,
787 1754 958 1818 inter
983 1755 1151 1836 ipsos
1193 1755 1328 1819 dies
1352 1756 1544 1819 festos
1583 1745 2018 1837 pronuntiari,
2054 1759 2121 1820 et
2171 1756 2462 1838 promul·

310 1869 479 1952 gari,
531 1870 667 1933 tam
707 1871 775 1934 in
801 1871 1064 1935 ecclesia
1093 1871 1616 1952 metropolitana,
1666 1889 1867 1953 quam
1907 1873 1978 1935 in
2028 1873 2460 1954 quibuscum-
2550 1958 2553 1961 Ἴ

314 2004 441 2067 que
484 1986 627 2049 aliis
656 1986 1132 2051 cathedralibus
1166 1987 1226 2051 ei
1256 1987 1556 2068 subjectis
1589 2006 1607 2050 ε
1638 1989 1702 2051 et
1742 2006 1859 2069 per
1899 1986 2059 2050 duos
2089 1989 2202 2051 aut
2230 1988 2460 2051 saltem
2499 2001 2505 2009 ·

314 2119 528 2165 unum
562 2121 852 2166 mensem
884 2104 1032 2166 ante
1067 2102 1306 2190 dictam
1357 2103 1559 2181 diem,
1613 2103 1918 2166 schedula
1960 2120 2163 2166 manu
2215 2101 2455 2165 notarii

312 2235 433 2280 ceu
459 2218 825 2281 cancellarii
893 2218 1251 2299 subscripta
1278 2219 1556 2282 ecclesiae
1603 2218 1988 2282 cathedralis
2028 2217 2232 2281 valvis
2283 2214 2465 2299 affigi

310 2333 437 2396 sub
484 2332 861 2414 hujusmodi
910 2336 1025 2397 aut
1071 2334 1270 2397 simili
1323 2336 1547 2398 tenore
1578 2353 1594 2398 ε
1625 2335 1983 2398 Concilium
2035 2333 2456 2415 provinciale,

311 2464 429 2510 seu
454 2447 739 2529 synodus
785 2448 1145 2512 dioecesana
1169 2453 1244 2512 N.
1278 2467 1392 2530 per
1442 2448 2061 2513 reverendissimum
2110 2447 2455 2511 dominum

314 2567 390 2626 N.
430 2562 1025 2645 Archiepiscopum,
1079 2569 1184 2629 vel
1226 2565 1613 2646 Episcopum
1641 2570 1759 2644 N.,
1803 2564 2146 2643 indictum,
2194 2564 2298 2628 vel
2347 2563 2458 2626 in-

316 2677 489 2742 dicta
522 2679 646 2742 hoc
674 2698 869 2758 anno,
903 2681 1053 2759 etc„
1097 2698 1347 2758 mense,
1381 2682 1532 2758 etc.‚
1562 2680 1688 2759 die,
1720 2682 1869 2759 etc„
1909 2684 2035 2744 Deo
2086 2679 2457 2760 adjuvante,

313 2793 385 2857 in
422 2795 917 2878 metropolitana
945 2815 1057 2860 seu
1085 2795 1431 2860 cathedrali
1476 2795 1740 2860 ecclesia
1769 2795 2205 2860 inchoabitur.

394 2915 640 2976 Rursus
696 2912 906 2975 tribus
962 2913 1272 2994 proximis
1320 2911 1549 2976 diebus
1610 2911 1951 2974 dominicis
2008 2913 2158 2975 ante
2209 2910 2455 2975 dictam

309 3026 490 3090 diem
524 3028 918 3091 conveniens
945 3028 1092 3105 erit,
1123 3027 1174 3090 si
1206 3029 1341 3089 tam
1385 3027 1451 3089 in
1506 3026 1642 3108 ipsa
1668 3025 1934 3089 ecclesia
1963 3025 2454 3106 metropolitana

312 3160 429 3223 per
455 3143 1008 3221 concionatorem,
1035 3160 1238 3224 quam
1276 3142 1347 3204 in
1379 3140 1654 3222 singulis
1694 3138 2165 3220 parochialibus
2205 3156 2320 3218 per
2345 3156 2457 3219 pa-

313 3255 545 3321 rochos
574 3258 812 3321 iterum
842 3259 1037 3339 atque
1080 3257 1324 3320 iterum
1352 3255 1774 3320 denuntietur
1791 3280 1809 3335 ;
1855 3254 2202 3336 populique
2233 3253 2457 3317 fideles

311 3372 399 3436 ad
447 3372 882 3445 devotionem,
930 3372 1276 3450 orationeS,
1314 3373 1585 3452 jejunia,
1617 3371 2097 3434 sacramentum
2135 3369 2455 3450 poeniten-

308 3488 453 3568 tiae,
522 3488 937 3552 sanctissimae
1005 3486 1421 3552 Eucharistiae
1484 3485 1968 3566 sumptionem,
2037 3485 2290 3567 aliaque
2352 3483 2457 3564 pia

308 3621 511 3684 opera
538 3604 927 3668 hortentur:
959 3606 1034 3667 ut
1071 3603 1233 3666 actio
1292 3601 1695 3683 hujusmodi,
1743 3604 1869 3664 Deo
1914 3600 2295 3681 opitulante,
2351 3598 2457 3661 di-

313 3736 529 3799 gnum
572 3719 880 3782 sortiatur
928 3718 1292 3795 exordium,
1346 3717 1730 3798 felicemque
1774 3721 1839 3780 et
1864 3716 2268 3779 fructuosum
2316 3731 2459 3794 pro-

309 3851 611 3915 gressum
658 3838 721 3897 et
746 3834 994 3898 exitum
1015 3834 1269 3897 habeat.
1299 3832 1427 3896 Illis
1453 3849 1610 3894 vero
1634 3831 1746 3914 qui
1780 3831 1919 3911 ipso
1956 3829 2229 3893 concilio
2263 3827 2460 3890 inter-

314 3948 528 4012 futuri
573 3952 750 4028 sunt,
796 3952 869 4012 ut
896 3967 972 4013 ea
996 3948 1295 4012 studeant
1325 3947 1548 4011 sedulo
1593 3945 1920 4010 observari
1950 3962 2093 4027 quae
2124 3944 2457 4024 persancte

307 4064 567 4129 dictum
595 4065 947 4129 concilium
976 4063 1432 4127 'l'ridentinum
1466 4080 1622 4126 sess,
1658 4069 1695 4122 2
1726 4059 1970 4124 salubri
2019 4058 2273 4122 decreto
2319 4062 2454 4123 sta-

311 4181 465 4259 tuit,
497 4181 574 4245 de
614 4181 809 4244 modo
839 4180 1126 4258 vivendi,
1158 4179 1223 4243 et
1266 4178 1406 4243 aliis
1450 4177 1519 4241 in
1573 4176 1845 4241 concilio
1885 4174 2241 4238 servandis,
2290 4177 2455 4237 Cum

307 4296 537 4360 autem
594 4295 892 4377 praedicta
919 4294 1174 4359 concilii
1229 4294 1362 4357 dies
1411 4289 2062 4374 appropinquaverit,
2111 4289 2455 4354 ornabitur

310 4411 583 4476 ecclesia
624 4412 738 4475 ubi
791 4410 1073 4492 synodus
1124 4409 1420 4472 habenda
1450 4410 1546 4472 est
1591 4407 1818 4470 festivo
1856 4413 1922 4470 et
1967 4407 2237 4470 solemni
2290 4406 2448 4484 ritU,

314 4529 513 4608 prout
549 4526 619 4590 in
652 4526 933 4608 capitulo
976 4532 1049 4587 12
1093 4525 1172 4588 de
1199 4526 1434 4589 ornatu
1480 4523 1757 4587 ecclesiae
1805 4523 1992 4603 plene
2039 4521 2287 4585 dictum
2332 4520 2449 4583 est.
