3038 5623
570 794 709 863 184
1278 795 1654 861 DEnxlizME
1705 816 1981 864 ΡΑΜῚΕ.

509 1014 515 1029 ,
563 957 748 1021 ment
801 954 1308 1038 ecclesiastiques
1362 975 1450 1021 ou
1505 957 1587 1023 de
1638 958 1704 1022 la
1743 958 2099 1023 correction
2148 959 2259 1024 des
2306 959 2505 1023 clercs
2524 1005 2546 1037 ,
2604 958 2698 1024 les

563 1073 812 1154 laiques
854 1072 1113 1136 doivent
1151 1071 1285 1137 etre
1323 1074 1563 1138 exclus.
1618 1108 1700 1123 -
1755 1075 1924 1139 Getle
1971 1075 2366 1157 proposition
2404 1075 2500 1139 est
2526 1074 2695 1156 prise

562 1188 1047 1252 textuellement
1073 1187 1152 1252 de
1179 1193 1444 1271 Fagnan
1469 1189 1575 1272 (1),
1602 1191 1667 1253 et
1688 1190 1787 1254 cet
1811 1192 2047 1254 auteur
2074 1190 2197 1255 cite
2225 1189 2263 1253 ὲ
2284 1190 2522 1270 l'appui
2553 1188 2704 1252 huit

566 1303 951 1383 canonistes‚
978 1304 1190 1385 parmi
1213 1305 1552 1386 lesquelles
1578 1305 1987 1386 PraeposituS,
2015 1305 2126 1387 qui
2158 1304 2373 1368 donne
2397 1323 2468 1368 ce
2492 1304 2700 1367 senti-

566 1420 749 1484 ment
772 1438 1025 1484 comme
1042 1438 1174 1484 une
1197 1420 1372 1503 regle
1400 1420 1479 1485 de
1507 1420 1678 1485 droit
1701 1439 2014 1485 commun
2037 1420 2199 1484 dans
2231 1438 2347 1483 son
2370 1437 2702 1483 commen-

565 1535 728 1599 taire
760 1553 874 1599 sur
904 1535 968 1599 le
1003 1552 1212 1598 canon
1259 1536 1533 1600 Canones
1561 1536 1640 1600 de
1671 1537 1737 1600 la
1766 1544 1869 1599 150
1895 1535 2296 1613 distinction,
2329 1547 2401 1597 n⁰
2430 1543 2489 1598 5.
2528 1557 2559 1594 ε(
2584 1539 2702 1598 Pro

564 1673 597 1711 1>
630 1649 882 1715 modico
905 1650 1106 1730 enim,
1132 1649 1229 1714 dit
1251 1655 1517 1733 Fagnan
1542 1671 1627 1715 en
1660 1654 1918 1734 parlant
1957 1651 2069 1716 des
2104 1654 2377 1734 laiqueS,
2411 1649 2704 1714 animose

565 1788 602 1828 »
630 1766 816 1830 nobis
844 1751 1259 1843 insidientur,
1291 1768 1355 1829 et
1377 1767 1611 1849 oppido
1635 1769 1790 1831 sunt
1814 1767 2052 1832 infensi
2077 1767 2183 1847 (2).
2217 1788 2249 1825 »

651 1888 714 1943 6·
745 1882 1162 1962 Proposition.
1189 1916 1270 1927 —-
1292 1885 1408 1945 Les
1426 1883 1677 1964 laiques
1699 1882 1932 1947 invites
1963 1902 2048 1947 au
2078 1882 2321 1947 concile
2348 1881 2706 1965 provincial

568 1996 686 2060 ont
701 1995 849 2060 voix
870 1996 1312 2060 consultative.
1338 2032 1420 2045 —
1448 2002 1534 2061 La
1575 1997 2033 2080 congregation
2075 1997 2425 2080 interprete
2464 1997 2551 2060 l’a
2595 2015 2702 2061 ex-

569 2110 973 2194 pressement
1011 2111 1263 2177 declare
1304 2130 1390 2176 en
1429 2131 1536 2178 ces
1576 2114 1813 2178 termes
1841 2133 1858 2176 :
1914 2137 1946 2174 (ι
1973 2114 2190 2178 Laicos
2224 2132 2380 2178 vero
2405 2113 2706 2178 invitatos

572 2248 604 2287 ι»
631 2246 813 2310 posse
840 2228 1175 2309 interesse,
1234 2229 1304 2293 in
1327 2247 1533 2312 eoque
1562 2231 1791 2293 votum
1818 2229 2259 2294 consultivum
2285 2229 2543 2293 habere.
2571 2250 2604 2288 n

635 2476 694 2538 (l)
726 2476 783 2527 In
814 2480 834 2526 1
861 2490 912 2541 p.
937 2481 966 2528 3
990 2477 1097 2528 dec.
1124 2489 1170 2529 c.
1196 2475 1307 2527 Etsi
1321 2474 1565 2540 monebo-a,
1593 2477 1656 2527 de
1673 2476 1755 2526 his
1776 2489 1890 2540 quae
1911 2474 2039 2527 flunt
2057 2476 2165 2527 sine
2186 2488 2299 2539 cap.

578 2588 583 2593 ·
633 2565 697 2629 (2)
723 2566 855 2616 Loco
885 2569 1053 2617 citato.
