<?xml version="1.0" encoding="UTF-8"?>
<!DOCTYPE html PUBLIC "-//W3C//DTD XHTML 1.0 Transitional//EN"
    "http://www.w3.org/TR/xhtml1/DTD/xhtml1-transitional.dtd">
<html xmlns="http://www.w3.org/1999/xhtml" xml:lang="en" lang="en">
 <head>
  <title>
</title>
<meta http-equiv="Content-Type" content="text/html;charset=utf-8" />
  <meta name='ocr-system' content='tesseract 3.04.00' />
  <meta name='ocr-capabilities' content='ocr_page ocr_carea ocr_par ocr_line ocrx_word'/>
</head>
<body>
  <div class='ocr_page' id='page_1' title='image "./tractatusdeconc00bouigoog_0429.png"; bbox 0 0 3038 5623; ppageno 0'>
   <div class='ocr_carea' id='block_1_1' title="bbox 590 842 2427 928">
    <p class='ocr_par' dir='ltr' id='par_1_1' title="bbox 590 842 2427 928">
     <span class='ocr_line' id='line_1_1' title="bbox 590 842 2427 928; baseline 0.001 -18"><span class='ocrx_word' id='word_1_1' title='bbox 590 847 1029 910; x_wconf 62' lang='lat' dir='ltr'>orfimnons</span> <span class='ocrx_word' id='word_1_2' title='bbox 1089 861 1189 908; x_wconf 81' lang='lat' dir='ltr'>nu</span> <span class='ocrx_word' id='word_1_3' title='bbox 1244 860 1545 909; x_wconf 70' lang='lat' dir='ltr'>conclmz</span> <span class='ocrx_word' id='word_1_4' title='bbox 1614 860 1858 928; x_wconf 60' lang='lat' dir='ltr'>pamm,</span> <span class='ocrx_word' id='word_1_5' title='bbox 1928 859 2078 909; x_wconf 73' lang='lat' dir='ltr'>mc,</span> <span class='ocrx_word' id='word_1_6' title='bbox 2287 842 2427 912; x_wconf 72' lang='lat'>409</span> 
     </span>
    </p>
   </div>
   <div class='ocr_carea' id='block_1_2' title="bbox 300 1001 2471 4563">
    <p class='ocr_par' dir='ltr' id='par_1_2' title="bbox 300 1001 2452 2361">
     <span class='ocr_line' id='line_1_2' title="bbox 300 1001 2436 1087; baseline 0 -17"><span class='ocrx_word' id='word_1_7' title='bbox 300 1003 718 1087; x_wconf 85' lang='lat' dir='ltr'>prescription</span> <span class='ocrx_word' id='word_1_8' title='bbox 742 1001 901 1066; x_wconf 89' lang='lat' dir='ltr'>dans</span> <span class='ocrx_word' id='word_1_9' title='bbox 925 1019 1042 1066; x_wconf 90' lang='lat' dir='ltr'>son</span> <span class='ocrx_word' id='word_1_10' title='bbox 1068 1008 1168 1065; x_wconf 81' lang='lat'>20·</span> <span class='ocrx_word' id='word_1_11' title='bbox 1191 1019 1400 1067; x_wconf 90' lang='lat' dir='ltr'>canon</span> <span class='ocrx_word' id='word_1_12' title='bbox 1429 1019 1447 1065; x_wconf 76' lang='lat' dir='ltr'>t</span> <span class='ocrx_word' id='word_1_13' title='bbox 1479 1025 1511 1063; x_wconf 76' lang='grc' dir='ltr'><strong>α</strong></span> <span class='ocrx_word' id='word_1_14' title='bbox 1529 1003 1792 1084; x_wconf 80' lang='lat' dir='ltr'>Propter</span> <span class='ocrx_word' id='word_1_15' title='bbox 1809 1019 1965 1068; x_wconf 90' lang='lat' dir='ltr'>usus</span> <span class='ocrx_word' id='word_1_16' title='bbox 1984 1004 2436 1071; x_wconf 83' lang='lat' dir='ltr'>ecclesiasticos</span> 
     </span>
     <span class='ocr_line' id='line_1_3' title="bbox 301 1116 2436 1205; baseline 0.003 -23"><span class='ocrx_word' id='word_1_17' title='bbox 301 1146 331 1182; x_wconf 84' lang='lat'>»</span> <span class='ocrx_word' id='word_1_18' title='bbox 367 1122 433 1186; x_wconf 90' lang='lat' dir='ltr'>et</span> <span class='ocrx_word' id='word_1_19' title='bbox 469 1139 587 1205; x_wconf 90' lang='lat' dir='ltr'>pro</span> <span class='ocrx_word' id='word_1_20' title='bbox 628 1116 1089 1201; x_wconf 82' lang='lat' dir='ltr'>componendis</span> <span class='ocrx_word' id='word_1_21' title='bbox 1121 1118 1575 1184; x_wconf 79' lang='lat' dir='ltr'>controversiis</span> <span class='ocrx_word' id='word_1_22' title='bbox 1598 1119 1768 1182; x_wconf 89' lang='lat' dir='ltr'>recte</span> <span class='ocrx_word' id='word_1_23' title='bbox 1793 1118 2036 1184; x_wconf 88' lang='lat' dir='ltr'>habere</span> <span class='ocrx_word' id='word_1_24' title='bbox 2067 1120 2285 1186; x_wconf 80' lang='lat' dir='ltr'>visum</span> <span class='ocrx_word' id='word_1_25' title='bbox 2314 1124 2436 1200; x_wconf 86' lang='lat' dir='ltr'>est,</span> 
     </span>
     <span class='ocr_line' id='line_1_4' title="bbox 300 1233 2439 1318; baseline 0.003 -22"><span class='ocrx_word' id='word_1_26' title='bbox 300 1262 330 1296; x_wconf 85' lang='lat'>»</span> <span class='ocrx_word' id='word_1_27' title='bbox 371 1237 445 1300; x_wconf 86' lang='lat' dir='ltr'>ut</span> <span class='ocrx_word' id='word_1_28' title='bbox 472 1234 699 1318; x_wconf 90' lang='lat' dir='ltr'>synodi</span> <span class='ocrx_word' id='word_1_29' title='bbox 729 1234 1188 1317; x_wconf 86' lang='lat' dir='ltr'>Episcoporum</span> <span class='ocrx_word' id='word_1_30' title='bbox 1218 1234 1288 1298; x_wconf 91' lang='lat' dir='ltr'>in</span> <span class='ocrx_word' id='word_1_31' title='bbox 1322 1252 1717 1318; x_wconf 88' lang='lat' dir='ltr'>unaquaque</span> <span class='ocrx_word' id='word_1_32' title='bbox 1759 1233 2093 1316; x_wconf 85' lang='lat' dir='ltr'>provincia</span> <span class='ocrx_word' id='word_1_33' title='bbox 2136 1236 2298 1301; x_wconf 88' lang='lat' dir='ltr'>fiant</span> <span class='ocrx_word' id='word_1_34' title='bbox 2339 1237 2439 1302; x_wconf 88' lang='lat' dir='ltr'>bis</span> 
     </span>
     <span class='ocr_line' id='line_1_5' title="bbox 302 1348 2441 1434; baseline 0.002 -21"><span class='ocrx_word' id='word_1_35' title='bbox 302 1374 334 1412; x_wconf 71' lang='lat' dir='ltr'>b</span> <span class='ocrx_word' id='word_1_36' title='bbox 370 1352 441 1416; x_wconf 90' lang='lat' dir='ltr'>in</span> <span class='ocrx_word' id='word_1_37' title='bbox 486 1369 695 1432; x_wconf 86' lang='lat' dir='ltr'>ann03</span> <span class='ocrx_word' id='word_1_38' title='bbox 748 1350 949 1416; x_wconf 90' lang='lat' dir='ltr'>semel</span> <span class='ocrx_word' id='word_1_39' title='bbox 996 1350 1260 1434; x_wconf 91' lang='lat' dir='ltr'>quidem</span> <span class='ocrx_word' id='word_1_40' title='bbox 1308 1351 1450 1432; x_wconf 87' lang='lat' dir='ltr'>post</span> <span class='ocrx_word' id='word_1_41' title='bbox 1484 1350 1746 1415; x_wconf 77' lang='lat' dir='ltr'>tertiam</span> <span class='ocrx_word' id='word_1_42' title='bbox 1784 1348 2260 1416; x_wconf 82' lang='lat' dir='ltr'>hebdomadam</span> <span class='ocrx_word' id='word_1_43' title='bbox 2297 1352 2441 1418; x_wconf 85' lang='lat' dir='ltr'>festi</span> 
     </span>
     <span class='ocr_line' id='line_1_6' title="bbox 304 1465 2444 1551; baseline 0.002 -24"><span class='ocrx_word' id='word_1_44' title='bbox 304 1491 333 1527; x_wconf 84' lang='lat'>»</span> <span class='ocrx_word' id='word_1_45' title='bbox 371 1467 733 1547; x_wconf 84' lang='lat' dir='ltr'>Paschae,ut</span> <span class='ocrx_word' id='word_1_46' title='bbox 751 1468 981 1551; x_wconf 89' lang='lat' dir='ltr'>quarta</span> <span class='ocrx_word' id='word_1_47' title='bbox 1001 1465 1420 1531; x_wconf 85' lang='lat' dir='ltr'>hebdomadae</span> <span class='ocrx_word' id='word_1_48' title='bbox 1443 1467 1841 1532; x_wconf 78' lang='lat' dir='ltr'>pentecostes</span> <span class='ocrx_word' id='word_1_49' title='bbox 1859 1466 2236 1547; x_wconf 83' lang='lat' dir='ltr'>perficiatur</span> <span class='ocrx_word' id='word_1_50' title='bbox 2257 1485 2444 1550; x_wconf 87' lang='lat' dir='ltr'>syno-</span> 
     </span>
     <span class='ocr_line' id='line_1_7' title="bbox 305 1580 2437 1665; baseline 0.003 -23"><span class='ocrx_word' id='word_1_51' title='bbox 305 1607 333 1642; x_wconf 79' lang='lat'>»</span> <span class='ocrx_word' id='word_1_52' title='bbox 373 1583 518 1659; x_wconf 73' lang='grc' dir='ltr'><strong>(ωε,</strong></span> <span class='ocrx_word' id='word_1_53' title='bbox 560 1583 1049 1665; x_wconf 87' lang='lat' dir='ltr'>Metropolitano</span> <span class='ocrx_word' id='word_1_54' title='bbox 1087 1582 1510 1665; x_wconf 81' lang='lat' dir='ltr'>provinciales</span> <span class='ocrx_word' id='word_1_55' title='bbox 1550 1580 1889 1664; x_wconf 87' lang='lat' dir='ltr'>Episcopos</span> <span class='ocrx_word' id='word_1_56' title='bbox 1922 1581 2309 1648; x_wconf 77' lang='lat' dir='ltr'>admonente</span> <span class='ocrx_word' id='word_1_57' title='bbox 2336 1601 2437 1649; x_wconf 90' lang='lat' dir='ltr'>se·</span> 
     </span>
     <span class='ocr_line' id='line_1_8' title="bbox 308 1697 2447 1781; baseline 0.002 -21"><span class='ocrx_word' id='word_1_58' title='bbox 308 1724 344 1760; x_wconf 73' lang='lat' dir='ltr'>n</span> <span class='ocrx_word' id='word_1_59' title='bbox 374 1697 658 1765; x_wconf 90' lang='lat' dir='ltr'>cundam</span> <span class='ocrx_word' id='word_1_60' title='bbox 678 1698 1000 1780; x_wconf 79' lang='lat' dir='ltr'>synodum</span> <span class='ocrx_word' id='word_1_61' title='bbox 1027 1697 1240 1762; x_wconf 89' lang='lat' dir='ltr'>idibus</span> <span class='ocrx_word' id='word_1_62' title='bbox 1266 1697 1542 1763; x_wconf 81' lang='lat' dir='ltr'>octobris</span> <span class='ocrx_word' id='word_1_63' title='bbox 1560 1697 1876 1777; x_wconf 82' lang='lat' dir='ltr'>futuram,</span> <span class='ocrx_word' id='word_1_64' title='bbox 1898 1697 2010 1781; x_wconf 92' lang='lat' dir='ltr'>qui</span> <span class='ocrx_word' id='word_1_65' title='bbox 2035 1699 2132 1764; x_wconf 89' lang='lat' dir='ltr'>est</span> <span class='ocrx_word' id='word_1_66' title='bbox 2157 1698 2447 1764; x_wconf 90' lang='lat' dir='ltr'>decimus</span> 
     </span>
     <span class='ocr_line' id='line_1_9' title="bbox 307 1812 2447 1898; baseline 0.001 -22"><span class='ocrx_word' id='word_1_67' title='bbox 307 1838 338 1876; x_wconf 88' lang='lat'>»</span> <span class='ocrx_word' id='word_1_68' title='bbox 374 1814 875 1898; x_wconf 74' lang='lat' dir='ltr'>liyperberetaei3</span> <span class='ocrx_word' id='word_1_69' title='bbox 905 1813 1080 1878; x_wconf 89' lang='lat' dir='ltr'>utin</span> <span class='ocrx_word' id='word_1_70' title='bbox 1110 1813 1214 1878; x_wconf 89' lang='lat' dir='ltr'>his</span> <span class='ocrx_word' id='word_1_71' title='bbox 1248 1814 1403 1895; x_wconf 88' lang='lat' dir='ltr'>ipsis</span> <span class='ocrx_word' id='word_1_72' title='bbox 1441 1812 1706 1895; x_wconf 75' lang='lat' dir='ltr'>synodis</span> <span class='ocrx_word' id='word_1_73' title='bbox 1747 1812 2050 1877; x_wconf 84' lang='lat' dir='ltr'>accedant</span> <span class='ocrx_word' id='word_1_74' title='bbox 2092 1814 2447 1898; x_wconf 88' lang='lat' dir='ltr'>presbyteri</span> 
     </span>
     <span class='ocr_line' id='line_1_10' title="bbox 315 1928 2450 2013; baseline 0.001 -22"><span class='ocrx_word' id='word_1_75' title='bbox 315 1956 346 1991; x_wconf 68' lang='lat' dir='ltr'><strong>n</strong></span> <span class='ocrx_word' id='word_1_76' title='bbox 379 1934 445 1998; x_wconf 89' lang='lat' dir='ltr'>et</span> <span class='ocrx_word' id='word_1_77' title='bbox 466 1931 721 1996; x_wconf 88' lang='lat' dir='ltr'>diaconi</span> <span class='ocrx_word' id='word_1_78' title='bbox 745 1931 810 1995; x_wconf 90' lang='lat' dir='ltr'>et</span> <span class='ocrx_word' id='word_1_79' title='bbox 832 1946 1061 1995; x_wconf 90' lang='lat' dir='ltr'>omnes</span> <span class='ocrx_word' id='word_1_80' title='bbox 1075 1929 1187 2013; x_wconf 93' lang='lat' dir='ltr'>qui</span> <span class='ocrx_word' id='word_1_81' title='bbox 1207 1947 1273 1995; x_wconf 90' lang='lat' dir='ltr'>se</span> <span class='ocrx_word' id='word_1_82' title='bbox 1291 1929 1536 2011; x_wconf 84' lang='lat' dir='ltr'>injuria</span> <span class='ocrx_word' id='word_1_83' title='bbox 1558 1929 1813 1995; x_wconf 81' lang='lat' dir='ltr'>affectos</span> <span class='ocrx_word' id='word_1_84' title='bbox 1827 1928 2061 2010; x_wconf 89' lang='lat' dir='ltr'>putant</span> <span class='ocrx_word' id='word_1_85' title='bbox 2079 1928 2189 1992; x_wconf 89' lang='lat' dir='ltr'>eta</span> <span class='ocrx_word' id='word_1_86' title='bbox 2207 1928 2450 2011; x_wconf 90' lang='lat' dir='ltr'>synodo</span> 
     </span>
     <span class='ocr_line' id='line_1_11' title="bbox 310 2042 2452 2130; baseline -0 -21"><span class='ocrx_word' id='word_1_87' title='bbox 310 2071 342 2109; x_wconf 84' lang='grc'>»</span> <span class='ocrx_word' id='word_1_88' title='bbox 373 2047 697 2130; x_wconf 85' lang='lat' dir='ltr'>judicium</span> <span class='ocrx_word' id='word_1_89' title='bbox 716 2044 1145 2128; x_wconf 84' lang='lat' dir='ltr'>assequantur</span> <span class='ocrx_word' id='word_1_90' title='bbox 1156 2064 1175 2126; x_wconf 84' lang='lat'><em>3</em></span> <span class='ocrx_word' id='word_1_91' title='bbox 1196 2061 1313 2109; x_wconf 93' lang='lat' dir='ltr'>nec</span> <span class='ocrx_word' id='word_1_92' title='bbox 1338 2045 1488 2109; x_wconf 89' lang='lat' dir='ltr'>ullis</span> <span class='ocrx_word' id='word_1_93' title='bbox 1504 2044 1696 2108; x_wconf 89' lang='lat' dir='ltr'>liceat</span> <span class='ocrx_word' id='word_1_94' title='bbox 1718 2042 1998 2125; x_wconf 80' lang='lat' dir='ltr'>synodos</span> <span class='ocrx_word' id='word_1_95' title='bbox 2016 2061 2130 2125; x_wconf 90' lang='lat' dir='ltr'>per</span> <span class='ocrx_word' id='word_1_96' title='bbox 2149 2061 2215 2108; x_wconf 87' lang='lat' dir='ltr'>se</span> <span class='ocrx_word' id='word_1_97' title='bbox 2245 2044 2452 2109; x_wconf 87' lang='lat' dir='ltr'>facere</span> 
     </span>
     <span class='ocr_line' id='line_1_12' title="bbox 312 2158 2451 2245; baseline 0.001 -23"><span class='ocrx_word' id='word_1_98' title='bbox 312 2185 344 2222; x_wconf 85' lang='lat'>»</span> <span class='ocrx_word' id='word_1_99' title='bbox 381 2163 520 2228; x_wconf 87' lang='lat' dir='ltr'>sine</span> <span class='ocrx_word' id='word_1_100' title='bbox 548 2163 629 2227; x_wconf 89' lang='lat' dir='ltr'>iis</span> <span class='ocrx_word' id='word_1_101' title='bbox 672 2162 911 2245; x_wconf 87' lang='lat' dir='ltr'>quibus</span> <span class='ocrx_word' id='word_1_102' title='bbox 948 2160 1105 2225; x_wconf 87' lang='lat' dir='ltr'>sunt</span> <span class='ocrx_word' id='word_1_103' title='bbox 1143 2159 1400 2226; x_wconf 65' lang='lat' dir='ltr'>creditae</span> <span class='ocrx_word' id='word_1_104' title='bbox 1441 2160 1851 2241; x_wconf 75' lang='lat' dir='ltr'>metropoles,</span> <span class='ocrx_word' id='word_1_105' title='bbox 1885 2181 1917 2218; x_wconf 66' lang='grc' dir='ltr'>ν)</span> <span class='ocrx_word' id='word_1_106' title='bbox 1955 2158 2230 2239; x_wconf 88' lang='lat' dir='ltr'>(Mansi,</span> <span class='ocrx_word' id='word_1_107' title='bbox 2273 2161 2320 2223; x_wconf 92' lang='lat' dir='ltr'>t.</span> <span class='ocrx_word' id='word_1_108' title='bbox 2366 2164 2451 2238; x_wconf 86' lang='grc' dir='ltr'>ΙΙ,</span> 
     </span>
     <span class='ocr_line' id='line_1_13' title="bbox 317 2269 2227 2361; baseline -0.002 -18"><span class='ocrx_word' id='word_1_109' title='bbox 317 2299 380 2361; x_wconf 81' lang='lat' dir='ltr'>p.</span> <span class='ocrx_word' id='word_1_110' title='bbox 418 2282 626 2357; x_wconf 77' lang='lat'>1315.)</span> <span class='ocrx_word' id='word_1_111' title='bbox 2223 2269 2227 2273; x_wconf 52' lang='lat'><strong>⁴</strong></span> 
     </span>
    </p>

    <p class='ocr_par' dir='ltr' id='par_1_3' title="bbox 319 2389 2459 2576">
     <span class='ocr_line' id='line_1_14' title="bbox 397 2389 2459 2473; baseline -0.003 -13"><span class='ocrx_word' id='word_1_112' title='bbox 397 2399 478 2460; x_wconf 85' lang='lat' dir='ltr'>Ge</span> <span class='ocrx_word' id='word_1_113' title='bbox 498 2395 665 2457; x_wconf 86' lang='lat' dir='ltr'>texte</span> <span class='ocrx_word' id='word_1_114' title='bbox 693 2393 901 2457; x_wconf 81' lang='lat' dir='ltr'>forme</span> <span class='ocrx_word' id='word_1_115' title='bbox 929 2391 990 2457; x_wconf 91' lang='lat' dir='ltr'>le</span> <span class='ocrx_word' id='word_1_116' title='bbox 1018 2409 1231 2457; x_wconf 90' lang='lat' dir='ltr'>canon</span> <span class='ocrx_word' id='word_1_117' title='bbox 1260 2395 1530 2473; x_wconf 82' lang='lat' dir='ltr'>Propter</span> <span class='ocrx_word' id='word_1_118' title='bbox 1559 2393 1992 2458; x_wconf 77' lang='lat' dir='ltr'>ecclesiasticas</span> <span class='ocrx_word' id='word_1_119' title='bbox 2025 2391 2195 2457; x_wconf 88' lang='lat' dir='ltr'>dela</span> <span class='ocrx_word' id='word_1_120' title='bbox 2217 2397 2313 2454; x_wconf 78' lang='lat'>18⁰</span> <span class='ocrx_word' id='word_1_121' title='bbox 2333 2389 2459 2454; x_wconf 87' lang='lat' dir='ltr'>dis-</span> 
     </span>
     <span class='ocr_line' id='line_1_15' title="bbox 319 2506 1385 2576; baseline -0.004 0"><span class='ocrx_word' id='word_1_122' title='bbox 319 2510 587 2576; x_wconf 89' lang='lat' dir='ltr'>tinction</span> <span class='ocrx_word' id='word_1_123' title='bbox 623 2508 712 2573; x_wconf 91' lang='lat' dir='ltr'>du</span> <span class='ocrx_word' id='word_1_124' title='bbox 740 2506 959 2573; x_wconf 78' lang='lat' dir='ltr'>decret</span> <span class='ocrx_word' id='word_1_125' title='bbox 994 2506 1072 2572; x_wconf 90' lang='lat' dir='ltr'>de</span> <span class='ocrx_word' id='word_1_126' title='bbox 1101 2507 1385 2572; x_wconf 91' lang='lat' dir='ltr'>Gratien.</span> 
     </span>
    </p>

    <p class='ocr_par' dir='ltr' id='par_1_4' title="bbox 319 2620 2467 4208">
     <span class='ocr_line' id='line_1_16' title="bbox 400 2620 2458 2707; baseline -0.002 -16"><span class='ocrx_word' id='word_1_127' title='bbox 400 2627 549 2691; x_wconf 89' lang='lat' dir='ltr'>L&#39;an</span> <span class='ocrx_word' id='word_1_128' title='bbox 581 2632 722 2703; x_wconf 75' lang='lat'>451,</span> <span class='ocrx_word' id='word_1_129' title='bbox 752 2624 812 2688; x_wconf 90' lang='lat' dir='ltr'>le</span> <span class='ocrx_word' id='word_1_130' title='bbox 830 2623 1078 2689; x_wconf 90' lang='lat' dir='ltr'>concile</span> <span class='ocrx_word' id='word_1_131' title='bbox 1108 2623 1558 2707; x_wconf 76' lang='lat' dir='ltr'>oecumenique</span> <span class='ocrx_word' id='word_1_132' title='bbox 1582 2622 1660 2688; x_wconf 89' lang='lat' dir='ltr'>de</span> <span class='ocrx_word' id='word_1_133' title='bbox 1684 2621 2128 2700; x_wconf 76' lang='lat' dir='ltr'>Chalcedoine‚</span> <span class='ocrx_word' id='word_1_134' title='bbox 2155 2620 2317 2687; x_wconf 90' lang='lat' dir='ltr'>dans</span> <span class='ocrx_word' id='word_1_135' title='bbox 2341 2639 2458 2687; x_wconf 90' lang='lat' dir='ltr'>son</span> 
     </span>
     <span class='ocr_line' id='line_1_17' title="bbox 323 2737 2461 2824; baseline -0.001 -18"><span class='ocrx_word' id='word_1_136' title='bbox 323 2749 421 2806; x_wconf 77' lang='lat'>19⁰</span> <span class='ocrx_word' id='word_1_137' title='bbox 468 2740 781 2824; x_wconf 88' lang='lat' dir='ltr'>chapitre,</span> <span class='ocrx_word' id='word_1_138' title='bbox 826 2739 1123 2824; x_wconf 89' lang='lat' dir='ltr'>employa</span> <span class='ocrx_word' id='word_1_139' title='bbox 1162 2739 1697 2823; x_wconf 82' lang='lat' dir='ltr'>lesexpressions</span> <span class='ocrx_word' id='word_1_140' title='bbox 1743 2739 1835 2803; x_wconf 87' lang='lat' dir='ltr'>les</span> <span class='ocrx_word' id='word_1_141' title='bbox 1881 2738 2026 2821; x_wconf 89' lang='lat' dir='ltr'>plus</span> <span class='ocrx_word' id='word_1_142' title='bbox 2073 2737 2461 2822; x_wconf 80' lang='lat' dir='ltr'>energiques</span> 
     </span>
     <span class='ocr_line' id='line_1_18' title="bbox 321 2854 2462 2942; baseline -0.002 -18"><span class='ocrx_word' id='word_1_143' title='bbox 321 2878 486 2942; x_wconf 91' lang='lat' dir='ltr'>pour</span> <span class='ocrx_word' id='word_1_144' title='bbox 526 2875 776 2941; x_wconf 82' lang='lat' dir='ltr'>presser</span> <span class='ocrx_word' id='word_1_145' title='bbox 821 2856 1199 2922; x_wconf 79' lang='lat' dir='ltr'>l&#39;execution</span> <span class='ocrx_word' id='word_1_146' title='bbox 1233 2856 1312 2922; x_wconf 91' lang='lat' dir='ltr'>de</span> <span class='ocrx_word' id='word_1_147' title='bbox 1338 2874 1409 2921; x_wconf 85' lang='lat' dir='ltr'>ce</span> <span class='ocrx_word' id='word_1_148' title='bbox 1450 2855 1664 2920; x_wconf 76' lang='lat' dir='ltr'>decret</span> <span class='ocrx_word' id='word_1_149' title='bbox 1695 2873 1711 2919; x_wconf 74' lang='grc' dir='ltr'>ε</span> <span class='ocrx_word' id='word_1_150' title='bbox 1762 2878 1791 2916; x_wconf 76' lang='grc' dir='ltr'>α</span> <span class='ocrx_word' id='word_1_151' title='bbox 1831 2855 2125 2920; x_wconf 82' lang='lat' dir='ltr'>Pervenit</span> <span class='ocrx_word' id='word_1_152' title='bbox 2161 2854 2242 2919; x_wconf 90' lang='lat' dir='ltr'>ad</span> <span class='ocrx_word' id='word_1_153' title='bbox 2275 2872 2462 2920; x_wconf 87' lang='lat' dir='ltr'>aures</span> 
     </span>
     <span class='ocr_line' id='line_1_19' title="bbox 319 2971 2460 3057; baseline 0 -21"><span class='ocrx_word' id='word_1_154' title='bbox 319 2997 351 3036; x_wconf 77' lang='lat' dir='ltr'>n</span> <span class='ocrx_word' id='word_1_155' title='bbox 388 2977 643 3040; x_wconf 89' lang='lat' dir='ltr'>nostras</span> <span class='ocrx_word' id='word_1_156' title='bbox 675 2973 848 3057; x_wconf 88' lang='lat' dir='ltr'>quod</span> <span class='ocrx_word' id='word_1_157' title='bbox 877 2973 947 3037; x_wconf 92' lang='lat' dir='ltr'>in</span> <span class='ocrx_word' id='word_1_158' title='bbox 980 2973 1327 3057; x_wconf 83' lang='lat' dir='ltr'>provinciis</span> <span class='ocrx_word' id='word_1_159' title='bbox 1354 2973 1713 3037; x_wconf 89' lang='lat' dir='ltr'>canonibus</span> <span class='ocrx_word' id='word_1_160' title='bbox 1735 2972 2097 3037; x_wconf 70' lang='lat' dir='ltr'>constitutae</span> <span class='ocrx_word' id='word_1_161' title='bbox 2119 2971 2460 3053; x_wconf 87' lang='lat' dir='ltr'>Episcopo·</span> 
     </span>
     <span class='ocr_line' id='line_1_20' title="bbox 323 3085 2463 3173; baseline -0.001 -22"><span class='ocrx_word' id='word_1_162' title='bbox 323 3114 355 3151; x_wconf 86' lang='lat'>»</span> <span class='ocrx_word' id='word_1_163' title='bbox 393 3110 544 3155; x_wconf 90' lang='lat' dir='ltr'>rum</span> <span class='ocrx_word' id='word_1_164' title='bbox 575 3089 803 3173; x_wconf 88' lang='lat' dir='ltr'>synodi</span> <span class='ocrx_word' id='word_1_165' title='bbox 828 3107 962 3154; x_wconf 90' lang='lat' dir='ltr'>non</span> <span class='ocrx_word' id='word_1_166' title='bbox 988 3088 1172 3167; x_wconf 85' lang='lat' dir='ltr'>fiant,</span> <span class='ocrx_word' id='word_1_167' title='bbox 1209 3090 1273 3154; x_wconf 90' lang='lat' dir='ltr'>et</span> <span class='ocrx_word' id='word_1_168' title='bbox 1312 3107 1388 3153; x_wconf 86' lang='lat' dir='ltr'>ex</span> <span class='ocrx_word' id='word_1_169' title='bbox 1417 3105 1492 3152; x_wconf 92' lang='lat' dir='ltr'>eo</span> <span class='ocrx_word' id='word_1_170' title='bbox 1532 3088 1740 3151; x_wconf 89' lang='lat' dir='ltr'>multa</span> <span class='ocrx_word' id='word_1_171' title='bbox 1784 3085 2207 3151; x_wconf 84' lang='lat' dir='ltr'>ecclesiastica</span> <span class='ocrx_word' id='word_1_172' title='bbox 2248 3086 2463 3168; x_wconf 82' lang='lat' dir='ltr'>negli-</span> 
     </span>
     <span class='ocr_line' id='line_1_21' title="bbox 322 3202 2462 3291; baseline -0.001 -22"><span class='ocrx_word' id='word_1_173' title='bbox 322 3230 358 3269; x_wconf 78' lang='lat'>»</span> <span class='ocrx_word' id='word_1_174' title='bbox 389 3209 641 3290; x_wconf 82' lang='lat' dir='ltr'>guntur</span> <span class='ocrx_word' id='word_1_175' title='bbox 685 3225 829 3291; x_wconf 84' lang='lat' dir='ltr'>quae</span> <span class='ocrx_word' id='word_1_176' title='bbox 870 3205 1264 3272; x_wconf 89' lang='lat' dir='ltr'>correctione</span> <span class='ocrx_word' id='word_1_177' title='bbox 1312 3203 1632 3286; x_wconf 82' lang='lat' dir='ltr'>indigent.</span> <span class='ocrx_word' id='word_1_178' title='bbox 1665 3202 1897 3267; x_wconf 74' lang='lat' dir='ltr'>Statuit</span> <span class='ocrx_word' id='word_1_179' title='bbox 1921 3220 2076 3284; x_wconf 82' lang='lat' dir='ltr'>ergo</span> <span class='ocrx_word' id='word_1_180' title='bbox 2107 3202 2327 3267; x_wconf 88' lang='lat' dir='ltr'>sancta</span> <span class='ocrx_word' id='word_1_181' title='bbox 2355 3220 2462 3284; x_wconf 86' lang='lat' dir='ltr'>sy-</span> 
     </span>
     <span class='ocr_line' id='line_1_22' title="bbox 325 3317 2466 3389; baseline -0 -6"><span class='ocrx_word' id='word_1_182' title='bbox 325 3345 358 3383; x_wconf 76' lang='lat'>»</span> <span class='ocrx_word' id='word_1_183' title='bbox 393 3323 601 3388; x_wconf 91' lang='lat' dir='ltr'>nodus</span> <span class='ocrx_word' id='word_1_184' title='bbox 623 3322 983 3389; x_wconf 88' lang='lat' dir='ltr'>secundum</span> <span class='ocrx_word' id='word_1_185' title='bbox 1003 3322 1374 3386; x_wconf 87' lang='lat' dir='ltr'>sanctorum</span> <span class='ocrx_word' id='word_1_186' title='bbox 1402 3321 1668 3384; x_wconf 91' lang='lat' dir='ltr'>Patrum</span> <span class='ocrx_word' id='word_1_187' title='bbox 1690 3336 1967 3384; x_wconf 89' lang='lat' dir='ltr'>canones</span> <span class='ocrx_word' id='word_1_188' title='bbox 1990 3320 2066 3382; x_wconf 88' lang='lat' dir='ltr'>ut</span> <span class='ocrx_word' id='word_1_189' title='bbox 2082 3318 2180 3382; x_wconf 89' lang='lat' dir='ltr'>bis</span> <span class='ocrx_word' id='word_1_190' title='bbox 2203 3317 2273 3382; x_wconf 91' lang='lat' dir='ltr'>in</span> <span class='ocrx_word' id='word_1_191' title='bbox 2293 3334 2466 3382; x_wconf 84' lang='lat' dir='ltr'>anno</span> 
     </span>
     <span class='ocr_line' id='line_1_23' title="bbox 325 3432 2467 3516; baseline -0 -19"><span class='ocrx_word' id='word_1_192' title='bbox 325 3460 358 3497; x_wconf 77' lang='lat'>»</span> <span class='ocrx_word' id='word_1_193' title='bbox 393 3437 695 3503; x_wconf 90' lang='lat' dir='ltr'>eumdem</span> <span class='ocrx_word' id='word_1_194' title='bbox 749 3438 821 3502; x_wconf 89' lang='lat' dir='ltr'>in</span> <span class='ocrx_word' id='word_1_195' title='bbox 868 3437 1089 3502; x_wconf 87' lang='lat' dir='ltr'>locum</span> <span class='ocrx_word' id='word_1_196' title='bbox 1130 3434 1522 3500; x_wconf 80' lang='lat' dir='ltr'>conveniant</span> <span class='ocrx_word' id='word_1_197' title='bbox 1561 3434 2079 3516; x_wconf 87' lang='lat' dir='ltr'>uniuscujusque</span> <span class='ocrx_word' id='word_1_198' title='bbox 2122 3432 2467 3515; x_wconf 70' lang='lat' dir='ltr'>provinciae</span> 
     </span>
     <span class='ocr_line' id='line_1_24' title="bbox 329 3547 2463 3636; baseline -0.002 -21"><span class='ocrx_word' id='word_1_199' title='bbox 329 3576 362 3614; x_wconf 73' lang='lat' dir='ltr'>n</span> <span class='ocrx_word' id='word_1_200' title='bbox 392 3553 682 3636; x_wconf 89' lang='lat' dir='ltr'>Episcopi</span> <span class='ocrx_word' id='word_1_201' title='bbox 715 3554 791 3618; x_wconf 86' lang='lat' dir='ltr'>ut</span> <span class='ocrx_word' id='word_1_202' title='bbox 817 3552 1340 3634; x_wconf 85' lang='lat' dir='ltr'>Metropolitanus</span> <span class='ocrx_word' id='word_1_203' title='bbox 1364 3551 1600 3615; x_wconf 89' lang='lat' dir='ltr'>melius</span> <span class='ocrx_word' id='word_1_204' title='bbox 1626 3568 1765 3616; x_wconf 89' lang='lat' dir='ltr'>esse</span> <span class='ocrx_word' id='word_1_205' title='bbox 1800 3548 2212 3631; x_wconf 85' lang='lat' dir='ltr'>perspexerit,</span> <span class='ocrx_word' id='word_1_206' title='bbox 2240 3548 2305 3612; x_wconf 89' lang='lat' dir='ltr'>et</span> <span class='ocrx_word' id='word_1_207' title='bbox 2328 3547 2463 3612; x_wconf 90' lang='lat' dir='ltr'>sin-</span> 
     </span>
     <span class='ocr_line' id='line_1_25' title="bbox 325 3663 2464 3752; baseline -0.003 -20"><span class='ocrx_word' id='word_1_208' title='bbox 325 3692 357 3732; x_wconf 79' lang='grc'>»</span> <span class='ocrx_word' id='word_1_209' title='bbox 394 3671 545 3752; x_wconf 85' lang='lat' dir='ltr'>gula</span> <span class='ocrx_word' id='word_1_210' title='bbox 593 3669 991 3752; x_wconf 82' lang='lat' dir='ltr'>emergentia</span> <span class='ocrx_word' id='word_1_211' title='bbox 1030 3667 1382 3749; x_wconf 84' lang='lat' dir='ltr'>corrigant.</span> <span class='ocrx_word' id='word_1_212' title='bbox 1415 3666 1703 3750; x_wconf 91' lang='lat' dir='ltr'>Episcopi</span> <span class='ocrx_word' id='word_1_213' title='bbox 1746 3666 1963 3730; x_wconf 89' lang='lat' dir='ltr'>autem</span> <span class='ocrx_word' id='word_1_214' title='bbox 1998 3663 2113 3748; x_wconf 80' lang='lat' dir='ltr'>qui</span> <span class='ocrx_word' id='word_1_215' title='bbox 2144 3681 2278 3728; x_wconf 92' lang='lat' dir='ltr'>non</span> <span class='ocrx_word' id='word_1_216' title='bbox 2306 3680 2464 3727; x_wconf 90' lang='lat' dir='ltr'>con-</span> 
     </span>
     <span class='ocr_line' id='line_1_26' title="bbox 325 3777 2465 3865; baseline -0.002 -18"><span class='ocrx_word' id='word_1_217' title='bbox 325 3809 356 3847; x_wconf 81' lang='lat'>»</span> <span class='ocrx_word' id='word_1_218' title='bbox 396 3787 692 3864; x_wconf 85' lang='lat' dir='ltr'>veniunt,</span> <span class='ocrx_word' id='word_1_219' title='bbox 720 3785 774 3850; x_wconf 91' lang='lat' dir='ltr'>si</span> <span class='ocrx_word' id='word_1_220' title='bbox 804 3786 872 3850; x_wconf 92' lang='lat' dir='ltr'>in</span> <span class='ocrx_word' id='word_1_221' title='bbox 897 3784 1125 3851; x_wconf 86' lang='lat' dir='ltr'>eadem</span> <span class='ocrx_word' id='word_1_222' title='bbox 1156 3783 1499 3865; x_wconf 89' lang='lat' dir='ltr'>metropoli</span> <span class='ocrx_word' id='word_1_223' title='bbox 1530 3783 1870 3847; x_wconf 84' lang='lat' dir='ltr'>versentur</span> <span class='ocrx_word' id='word_1_224' title='bbox 1899 3780 2092 3862; x_wconf 85' lang='lat' dir='ltr'>atque</span> <span class='ocrx_word' id='word_1_225' title='bbox 2122 3777 2278 3845; x_wconf 88' lang='lat' dir='ltr'>adeo</span> <span class='ocrx_word' id='word_1_226' title='bbox 2323 3779 2465 3843; x_wconf 89' lang='lat' dir='ltr'>sani</span> 
     </span>
     <span class='ocr_line' id='line_1_27' title="bbox 326 3892 2463 3994; baseline -0.003 -31"><span class='ocrx_word' id='word_1_227' title='bbox 326 3925 358 3963; x_wconf 73' lang='lat' dir='ltr'>n</span> <span class='ocrx_word' id='word_1_228' title='bbox 393 3902 630 3994; x_wconf 25' lang='lat' dir='ltr'>sint-et</span> <span class='ocrx_word' id='word_1_229' title='bbox 671 3901 752 3966; x_wconf 87' lang='lat' dir='ltr'>ab</span> <span class='ocrx_word' id='word_1_230' title='bbox 794 3900 974 3965; x_wconf 89' lang='lat' dir='ltr'>omni</span> <span class='ocrx_word' id='word_1_231' title='bbox 1019 3898 1435 3965; x_wconf 85' lang='lat' dir='ltr'>inexcusabili</span> <span class='ocrx_word' id='word_1_232' title='bbox 1478 3899 1544 3963; x_wconf 89' lang='lat' dir='ltr'>et</span> <span class='ocrx_word' id='word_1_233' title='bbox 1581 3895 1937 3961; x_wconf 83' lang='lat' dir='ltr'>necessario</span> <span class='ocrx_word' id='word_1_234' title='bbox 1968 3892 2225 3975; x_wconf 83' lang='lat' dir='ltr'>negotio</span> <span class='ocrx_word' id='word_1_235' title='bbox 2251 3893 2463 3971; x_wconf 89' lang='lat' dir='ltr'>liberi,</span> 
     </span>
     <span class='ocr_line' id='line_1_28' title="bbox 327 4011 2467 4098; baseline -0.002 -21"><span class='ocrx_word' id='word_1_236' title='bbox 327 4039 358 4077; x_wconf 87' lang='lat'>»</span> <span class='ocrx_word' id='word_1_237' title='bbox 397 4018 678 4082; x_wconf 88' lang='lat' dir='ltr'>fraterne</span> <span class='ocrx_word' id='word_1_238' title='bbox 706 4015 1298 4098; x_wconf 82' lang='lat' dir='ltr'>reprehendantur.</span> <span class='ocrx_word' id='word_1_239' title='bbox 1329 4038 1358 4074; x_wconf 85' lang='lat'>»</span> <span class='ocrx_word' id='word_1_240' title='bbox 1395 4012 1645 4093; x_wconf 87' lang='lat' dir='ltr'>(Mansi,</span> <span class='ocrx_word' id='word_1_241' title='bbox 1684 4013 1733 4077; x_wconf 90' lang='lat' dir='ltr'>t.</span> <span class='ocrx_word' id='word_1_242' title='bbox 1778 4015 1914 4090; x_wconf 84' lang='lat' dir='ltr'>Vll,</span> <span class='ocrx_word' id='word_1_243' title='bbox 1946 4028 2009 4091; x_wconf 88' lang='lat' dir='ltr'>p.</span> <span class='ocrx_word' id='word_1_244' title='bbox 2040 4012 2205 4088; x_wconf 85' lang='lat'>366).</span> <span class='ocrx_word' id='word_1_245' title='bbox 2236 4044 2319 4057; x_wconf 92' lang='lat'><em>-</em></span> <span class='ocrx_word' id='word_1_246' title='bbox 2352 4011 2467 4073; x_wconf 86' lang='lat' dir='ltr'>Ga-</span> 
     </span>
     <span class='ocr_line' id='line_1_29' title="bbox 330 4130 1481 4208; baseline -0.002 -11"><span class='ocrx_word' id='word_1_247' title='bbox 330 4150 463 4197; x_wconf 90' lang='lat' dir='ltr'>non</span> <span class='ocrx_word' id='word_1_248' title='bbox 487 4139 547 4195; x_wconf 72' lang='lat'>6⁶</span> <span class='ocrx_word' id='word_1_249' title='bbox 578 4132 743 4197; x_wconf 92' lang='lat' dir='ltr'>dela</span> <span class='ocrx_word' id='word_1_250' title='bbox 777 4140 873 4195; x_wconf 76' lang='grc' dir='ltr'>18ο</span> <span class='ocrx_word' id='word_1_251' title='bbox 896 4131 1043 4196; x_wconf 92' lang='lat' dir='ltr'>dist.</span> <span class='ocrx_word' id='word_1_252' title='bbox 1066 4132 1143 4197; x_wconf 91' lang='lat' dir='ltr'>de</span> <span class='ocrx_word' id='word_1_253' title='bbox 1173 4130 1481 4208; x_wconf 77' lang='lat' dir='ltr'>Gratien.)</span> 
     </span>
    </p>

    <p class='ocr_par' dir='ltr' id='par_1_5' title="bbox 333 4238 2471 4563">
     <span class='ocr_line' id='line_1_30' title="bbox 412 4238 2471 4330; baseline -0.004 -17"><span class='ocrx_word' id='word_1_254' title='bbox 412 4250 464 4313; x_wconf 92' lang='lat' dir='ltr'>Il</span> <span class='ocrx_word' id='word_1_255' title='bbox 507 4248 748 4314; x_wconf 75' lang='lat' dir='ltr'>resulte</span> <span class='ocrx_word' id='word_1_256' title='bbox 793 4248 871 4314; x_wconf 90' lang='lat' dir='ltr'>de</span> <span class='ocrx_word' id='word_1_257' title='bbox 919 4265 1024 4314; x_wconf 88' lang='lat' dir='ltr'>ces</span> <span class='ocrx_word' id='word_1_258' title='bbox 1068 4250 1294 4330; x_wconf 84' lang='lat' dir='ltr'>quatre</span> <span class='ocrx_word' id='word_1_259' title='bbox 1343 4243 1764 4311; x_wconf 90' lang='lat' dir='ltr'>monuments</span> <span class='ocrx_word' id='word_1_260' title='bbox 1811 4259 1937 4325; x_wconf 90' lang='lat' dir='ltr'>que</span> <span class='ocrx_word' id='word_1_261' title='bbox 1977 4241 2043 4305; x_wconf 92' lang='lat' dir='ltr'>la</span> <span class='ocrx_word' id='word_1_262' title='bbox 2082 4238 2471 4305; x_wconf 77' lang='lat' dir='ltr'>celebration</span> 
     </span>
     <span class='ocr_line' id='line_1_31' title="bbox 333 4354 2470 4446; baseline -0.006 -16"><span class='ocrx_word' id='word_1_263' title='bbox 333 4365 738 4431; x_wconf 87' lang='lat' dir='ltr'>bisannuclle</span> <span class='ocrx_word' id='word_1_264' title='bbox 768 4364 881 4431; x_wconf 89' lang='lat' dir='ltr'>des</span> <span class='ocrx_word' id='word_1_265' title='bbox 908 4364 1183 4429; x_wconf 88' lang='lat' dir='ltr'>conciles</span> <span class='ocrx_word' id='word_1_266' title='bbox 1202 4361 1621 4446; x_wconf 82' lang='lat' dir='ltr'>provinciaux</span> <span class='ocrx_word' id='word_1_267' title='bbox 1645 4358 1935 4424; x_wconf 81' lang='lat' dir='ltr'>remonte</span> <span class='ocrx_word' id='word_1_268' title='bbox 1960 4355 1998 4420; x_wconf 75' lang='lat' dir='ltr'>a</span> <span class='ocrx_word' id='word_1_269' title='bbox 2021 4356 2084 4420; x_wconf 87' lang='lat' dir='ltr'>la</span> <span class='ocrx_word' id='word_1_270' title='bbox 2104 4355 2247 4438; x_wconf 89' lang='lat' dir='ltr'>plus</span> <span class='ocrx_word' id='word_1_271' title='bbox 2273 4354 2470 4418; x_wconf 87' lang='lat' dir='ltr'>haute</span> 
     </span>
     <span class='ocr_line' id='line_1_32' title="bbox 337 4471 2468 4563; baseline -0.006 -18"><span class='ocrx_word' id='word_1_272' title='bbox 337 4480 675 4563; x_wconf 65' lang='lat' dir='ltr'>antiquita.</span> <span class='ocrx_word' id='word_1_273' title='bbox 729 4480 894 4545; x_wconf 89' lang='lat' dir='ltr'>Tout</span> <span class='ocrx_word' id='word_1_274' title='bbox 934 4480 1114 4562; x_wconf 90' lang='lat' dir='ltr'>porte</span> <span class='ocrx_word' id='word_1_275' title='bbox 1157 4478 1195 4543; x_wconf 78' lang='lat' dir='ltr'>a</span> <span class='ocrx_word' id='word_1_276' title='bbox 1253 4479 1458 4544; x_wconf 90' lang='lat' dir='ltr'>croire</span> <span class='ocrx_word' id='word_1_277' title='bbox 1507 4476 1739 4560; x_wconf 89' lang='lat' dir='ltr'>qu’elle</span> <span class='ocrx_word' id='word_1_278' title='bbox 1786 4472 2020 4539; x_wconf 85' lang='lat' dir='ltr'>touche</span> <span class='ocrx_word' id='word_1_279' title='bbox 2078 4488 2205 4537; x_wconf 83' lang='lat' dir='ltr'>aux</span> <span class='ocrx_word' id='word_1_280' title='bbox 2259 4471 2468 4549; x_wconf 81' lang='lat' dir='ltr'>temps</span> 
     </span>
    </p>
   </div>
  </div>
 </body>
</html>
