3038 5623
537 806 630 879 32
1246 801 1616 866 anlinuz
1665 819 1950 865 Purra-2.

535 965 893 1042 accesserit,
912 964 1016 1028 vel
1034 961 1190 1045 quia
1211 959 1382 1042 apud
1410 959 1556 1023 illos
1578 959 1819 1042 quibus
1837 958 2174 1022 consulere
2194 958 2480 1023 maxime
2504 960 2684 1042 cupi-

538 1086 715 1163 mus',
744 1083 1061 1163 majorem
1090 1075 1544 1140 auctoritatem
1576 1081 1643 1137 et
1677 1072 1933 1155 pondus
1963 1074 2160 1137 habet
2194 1075 2582 1139 consultatio
2607 1076 2684 1138 in

536 1216 739 1285 quam
763 1197 979 1280 plures
998 1190 1465 1257 consenserint.
1492 1189 1605 1252 Est
1621 1188 1823 1270 hujus
1846 1188 1918 1250 in
1938 1188 2214 1252 Ecclesia
2235 1189 2514 1252 instituti
2535 1207 2687 1252 auc-

542 1318 645 1380 tor
671 1311 964 1379 Christus
992 1305 1331 1382 Dominus,
1369 1304 1796 1386 magistrique
1824 1304 2128 1384 Apostoli.
2154 1308 2318 1368 Nam
2343 1307 2485 1385 ejus
2512 1307 2687 1369 certa

540 1428 811 1514 quidem
848 1442 1003 1490 sane
1031 1424 1126 1488 est
1170 1421 1283 1485 illa
1311 1419 1679 1501 promissio,
1709 1437 1865 1482 cum
1906 1437 2097 1482 suam
2139 1437 2330 1501 opem
2362 1438 2687 1502 suumque

540 1542 859 1608 auxilium
903 1557 970 1603 se
1009 1536 1289 1619 denique
1329 1535 1549 1615 ipsum
1590 1533 1913 1614 eiusmodi
1955 1536 2223 1597 Patrum
2257 1535 2686 1598 conventibus

544 1658 667 1723 rite
696 1653 1033 1720 celebratis
1079 1650 1420 1733 pollicetur
1451 1651 1516 1713 et
1557 1648 1762 1713 defert
1792 1666 1811 1710 ε
1867 1649 1982 1713 Ubi
2009 1648 2264 1729 fuerint,
2292 1649 2530 1732 inquit,
2563 1649 2686 1713 duo

540 1775 638 1839 vel
663 1781 788 1837 tres
807 1769 1167 1851 conqrcqati
1183 1768 1253 1830 in
1275 1766 1526 1829 nomine
1546 1783 1702 1843 mco,
1725 1766 1812 1828 ibi
1832 1784 1938 1847 eqo
1962 1784 2101 1829 sum
2125 1768 2194 1829 in
2217 1767 2417 1830 medio
2436 1783 2684 1829 eorum.-

544 1889 855 1970 itemque,
886 1886 939 1949 si
962 1885 1085 1948 duo
1111 1902 1190 1947 eoe
1214 1883 1384 1945 vobis
1409 1882 1823 1945 consenserint
1850 1898 2034 1961 super
2063 1888 2297 1944 terram
2321 1881 2394 1943 de
2422 1882 2595 1944 omni
2619 1899 2689 1944 re

547 2018 992 2086 quamcumque
1013 1998 1326 2080 petierint,
1364 1998 1463 2079 fiet
1493 1997 1618 2060 illis
1645 2014 1688 2058 a
1714 1996 1909 2059 Patre
1940 2014 2098 2059 meo.
2126 1996 2412 2076 Apostoli
2440 1998 2685 2074 autem,

544 2117 662 2183 etsi
695 2116 950 2180 doctore
979 2113 1221 2195 Spiritu
1248 2113 1469 2176 sancto
1492 2112 1764 2174 uberem
1793 2110 2096 2174 omnium
2124 2129 2353 2175 rerum
2370 2111 2685 2193 cognitio-

549 2250 704 2297 nem
732 2230 973 2313 singuli
1001 2227 1406 2309 acceperant,
1430 2227 1657 2290 tamen
1689 2206 1742 2290 si
1771 2226 1929 2308 quid
1953 2226 2215 2308 gravius
2243 2227 2498 2308 publice
2528 2245 2692 2308 prae-

550 2347 778 2412 sertim
806 2343 1136 2428 agendum
1160 2344 1347 2422 esset,
1373 2341 1495 2406 hac
1516 2341 1924 2407 consultandi
1951 2341 2201 2406 ratione
2230 2342 2322 2404 uti
2345 2360 2693 2406 consueve-

547 2463 706 2526 runt
719 2481 740 2543 3
773 2478 973 2543 quam
997 2459 1072 2521 ut
1093 2458 1306 2523 caeteri
1332 2458 1531 2520 etiam
1557 2449 2039 2536 conservarent,
2067 2458 2211 2539 lege
2235 2458 2591 2520 sanxerunt
2617 2457 2693 2519 ut

550 2576 651 2640 bis
674 2576 743 2639 in
771 2591 978 2637 annos
997 2573 1287 2655 singulos
1310 2572 1580 2635 concilia
1600 2572 1681 2634 ab
1702 2571 2025 2652 Episcopis
2046 2570 2467 2636 haberent-ur.
2495 2576 2694 2634 Innu-

549 2689 893 2754 merabiles
936 2686 1236 2768 deinceps
1276 2685 1641 2750 sanctiones
1683 2687 1837 2748 sunt
1881 2686 2264 2764 constitutae‚
2313 2686 2691 2770 decretaque

553 2802 961 2888 promulgata
998 2804 1060 2866 et
1101 2801 1183 2865 ab
1221 2800 1499 2864 summis
1544 2800 1956 2865 Pontificibus
1995 2801 2058 2864 et
2101 2819 2139 2865 a
2180 2801 2490 2882 conciliiS,
2534 2821 2689 2866 cum

551 2916 969 2984 oecumenicis
998 2918 1141 2979 tum
1162 2914 1688 3009 provincialibuS,
1714 2915 1792 2979 de
1817 2916 2159 2980 retinenda
2183 2918 2297 2980 aut
2320 2919 2491 2981 certe
2517 2935 2691 2999 repe·

547 3032 742 3097 tenda
772 3033 892 3097 hac
917 3031 1326 3114 synodorum
1352 3031 1845 3107 consuetudine,
1869 3031 2424 3113 quemadmodum
2448 3036 2693 3113 tempo-

555 3166 707 3212 rum
735 3146 902 3211 ratio
932 3146 1318 3228 postulabat.
1349 3146 1561 3228 Atque
1594 3146 1851 3209 utinam
1875 3164 2019 3228 quae
2048 3165 2085 3209 a
2117 3147 2538 3211 sanctissimis
2566 3147 2695 3211 illis

556 3261 708 3326 viris
733 3262 905 3326 culta
931 3262 995 3326 et
1020 3260 1375 3342 posteritati
1407 3261 1489 3324 ad
1519 3262 1795 3325 salutem
1824 3262 2117 3325 Ecclesiae
2145 3262 2378 3325 tradita
2404 3263 2568 3326 ratio
2595 3263 2693 3326 est

550 3375 1050 3459 provincialium
1079 3375 1534 3452 conciliorum,
1580 3394 1727 3441 eam
1751 3394 1869 3440 nos
1900 3376 1980 3439 ad
2012 3377 2182 3440 hanc
2206 3377 2382 3441 diem
2411 3379 2513 3458 pie
2536 3395 2691 3441 con-

552 3493 922 3572 stanterque
951 3489 1478 3571 retinuissemusj,
1506 3492 1573 3554 et
1601 3494 1928 3573 quantum
1960 3492 2056 3556 illi
2085 3493 2337 3557 consilii
2366 3495 2430 3557 et
2454 3494 2688 3556 volun-

551 3606 703 3671 tatis
746 3603 826 3668 ad
870 3603 1275 3686 prodendum
1317 3604 1588 3685 posteris
1630 3606 1954 3687 optimum
1992 3607 2389 3685 institutum,
2430 3608 2691 3670 lantum

555 3737 672 3784 nos
701 3717 951 3801 pietatis
975 3718 1040 3782 et
1068 3717 1415 3800 diligentia}
1441 3718 1523 3782 ad
1554 3719 1875 3783 tuendum
1903 3721 2456 3785 adhibuissemus!
2490 3721 2694 3802 hujus

553 3834 737 3898 enim
759 3832 1244 3898 consuetudinis
1272 3833 1667 3897 intermissio
1691 3834 1950 3900 difficile
1975 3837 2070 3900 est
2090 3835 2270 3900 dictu
2293 3838 2568 3919 quantas
2590 3853 2696 3900 ca-

555 3948 876 4013 lamitates
905 3948 976 4012 in
1005 3948 1425 4012 christianam
1452 3950 1925 4030 rempublicam
1954 3952 2370 4015 invexerit...
2398 3952 2516 4015 Hic
2542 3952 2696 4013 nota

556 4064 714 4127 sunt
736 4064 942 4143 vobiS,
985 4066 1222 4143 Patres,
1261 4064 1555 4127 Ecclesiae
1581 4065 1692 4129 Dei
1722 4067 2019 4145 vulnera,
2050 4085 2196 4148 quae
2224 4067 2504 4129 libenter
2530 4082 2697 4145 prae-

555 4180 759 4255 tere0,
784 4178 938 4260 quia
961 4178 1101 4242 sine
1132 4178 1547 4243 acerbissimo
1577 4180 1814 4244 doloris
1835 4199 2031 4245 sensu
2055 4198 2176 4245 nec
2198 4198 2238 4244 a
2268 4199 2377 4244 me
2402 4197 2695 4244 comme-

557 4293 827 4367 morari,
853 4310 1064 4375 neque
1087 4311 1126 4355 a
1149 4294 1332 4357 vobis
1360 4293 1573 4357 audiri
1601 4311 1781 4375 posse
1804 4296 2119 4359 existima
2146 4317 2178 4354 n
2212 4295 2416 4377 (Saint
2435 4294 2698 4359 charles

557 4407 928 4487 Borromee‚
958 4406 1121 4471 dans
1149 4410 1211 4472 le
1236 4410 1481 4473 concile
1509 4410 1588 4473 de
1609 4410 1810 4473 Milan
1834 4409 1912 4472 de
1937 4413 2144 4488 1505.)

638 4526 724 4589 Le
748 4539 908 4605 pape
934 4523 1176 4587 Urbain
1206 4527 1262 4585 V
1300 4524 1567 4588 ecrivait
1594 4542 1679 4588 en
1707 4531 1862 4587 1368
1891 4522 1930 4588 a
1957 4525 2402 4608 l’archeveque
2429 4525 2510 4589 dc
2532 4529 2694 4589 Nar-
