3038 5623
592 777 735 849 304
1302 778 1694 843 'niomium
1743 797 2030 846 nn‘rnz.

587 957 714 1022 que
736 939 800 1004 le
827 938 1000 1002 droit
1021 938 1102 1003 de
1131 939 1292 1021 faire
1322 938 1559 1002 reviser
1584 937 2079 1020 synodalement
2105 956 2219 1002 sur
2240 940 2333 1004 les
2359 939 2532 1003 lieux
2555 939 2608 1004 le
2625 941 2713 1021 iu·

589 1057 854 1138 gement
888 1055 1162 1137 synodal
1195 1054 1341 1136 deja
1380 1054 1586 1136 porte,
1625 1072 1880 1118 comme
1919 1054 1978 1119 le
2015 1053 2404 1136 pretendent
2436 1055 2715 1120 Hincmar

589 1172 655 1235 et
688 1171 905 1236 Pierre
939 1169 1018 1235 de
1049 1174 1281 1235 Marca.
1320 1169 1497 1235 Voici
1534 1169 1630 1235 les
1670 1168 1952 1235 celebres
1989 1171 2186 1235 textes
2228 1149 2473 1235 relatifs
2513 1169 2552 1234 a
2579 1171 2716 1234 cette

593 1285 940 1367 question:

677 1407 737 1462 3·
766 1418 1023 1464 canon:
1060 1422 1092 1461 α
1109 1400 1342 1464 HosIus
1369 1399 1709 1481 episcopus
1737 1398 1892 1463 dixit
1899 1445 2024 1463 .....
2058 1399 2122 1463 Si
2151 1399 2300 1482 quis
2327 1401 2545 1464 autem
2575 1399 2723 1481 Epis-

596 1534 911 1598 coporum
955 1516 1026 1579 in
1064 1516 1282 1598 aliquo
1328 1515 1586 1597 negotio
1630 1513 2168 1579 condemnandus
2205 1515 2384 1579 visus
2425 1515 2643 1593 fuerit,
2672 1515 2726 1579 et

600 1631 918 1696 existimet
946 1650 1013 1696 se
1037 1649 1171 1696 non
1196 1632 1441 1695 malam
1471 1630 1582 1695 sed
1606 1630 1850 1694 bonam
1873 1648 2136 1694 causam
2162 1629 2428 1709 habere,
2458 1631 2531 1693 ut
2555 1631 2728 1694 etiam

592 1746 920 1828 judicium
947 1747 1296 1811 renovetur
1306 1763 1327 1825 3
1360 1745 1415 1810 si
1444 1747 1673 1810 vestrae
1704 1745 2033 1810 dilectioni
2063 1745 2349 1823 videtur,
2379 1744 2547 1809 Petri
2578 1762 2730 1826 apos-

601 1860 717 1924 toli
752 1862 1145 1926 memoriam
1180 1862 1603 1940 honoremus,
1639 1862 1712 1924 ut
1746 1862 1828 1925 ab
1867 1860 1946 1925 iis
1979 1861 2092 1943 qui
2124 1860 2560 1942 judicaverint
2592 1860 2729 1924 scri—

600 1977 796 2040 batur
822 1978 996 2041 Julio
1018 1980 1465 2042 Romanorum
1493 1976 1813 2058 episcopo,
1842 1976 1907 2040 et
1930 1994 2045 2057 pcr
2073 1975 2472 2057 propinquos
2499 1975 2736 2056 provin-

602 2092 717 2158 ciae
742 2091 1102 2172 EpiscopoS‚
1136 2091 1189 2155 si
1214 2110 1379 2173 opus
1408 2092 1514 2169 sit,
1536 2091 1868 2173 judicium
1890 2092 2242 2156 renovetur
2256 2116 2275 2171 3
2308 2092 2374 2155 et
2399 2092 2739 2172 cognitores

601 2207 736 2290 ipse
789 2208 1093 2289 praebeat.
1154 2206 1217 2273 Si
1267 2208 1490 2271 autem
1537 2209 1815 2289 probare
1870 2226 2005 2272 non
2053 2209 2261 2290 potest
2309 2225 2576 2272 causam
2618 2209 2741 2288 ejus

605 2323 975 2388 essetalem
1002 2323 1077 2385 ut
1105 2340 1252 2386 eam
1284 2340 1512 2386 rursus
1544 2321 1827 2404 judicari
1859 2341 2021 2404 opus
2055 2323 2161 2402 sit,
2192 2341 2338 2405 quae
2372 2321 2575 2387 semel
2607 2319 2743 2385 sunt

603 2436 888 2518 judicata
918 2456 1054 2501 non
1084 2437 1577 2503 infirmentur.»

694 2561 757 2615 4·
786 2571 1035 2618 canon:
1068 2553 1518 2619 «Gaudentius
1549 2553 1883 2636 episcopus
1910 2554 2105 2618 dixit:
2134 2554 2198 2620 Si
2224 2554 2480 2619 videtur
2509 2570 2748 2618 necesse

612 2686 747 2734 esse
782 2666 975 2750 adJici
1006 2667 1162 2732 huic
1196 2669 1565 2746 sententiae,
1596 2687 1797 2752 quam
1834 2669 2091 2734 sincera
2121 2669 2462 2734 dilectione
2499 2671 2748 2751 plenam

613 2782 964 2865 protulisti,
997 2785 1073 2848 ut
1103 2784 1156 2848 si
1188 2784 1333 2866 quis
1363 2784 1713 2867 Episcopus
1741 2784 1943 2850 fuerit
1967 2784 2294 2867 depositus
2314 2785 2564 2867 judicio
2591 2783 2753 2866 Epis-

614 2916 933 2979 coporum
963 2898 1077 2980 qui
1108 2901 1263 2962 sunt
1290 2899 1361 2962 iu
1386 2900 1652 2978 vicinia,
1683 2901 1747 2964 et
1767 2900 1942 2964 dicat
1967 2918 2195 2964 rursus
2224 2901 2345 2965 sibi
2375 2898 2755 2965 defensionis

615 3013 953 3095 negotium
991 3015 1381 3095 competere,
1423 3032 1558 3079 non
1590 3016 1770 3096 prius
1809 3015 1881 3079 in
1910 3014 2287 3081 cathedram
2323 3015 2494 3079 alius
2532 3014 2754 3080 substi-

618 3129 868 3208 tuatur,
899 3147 1102 3212 quam
1129 3133 1463 3195 Romanus
1490 3131 1839 3212 Episcopus
1866 3149 2063 3195 causa
2087 3130 2349 3213 cognita
2378 3130 2753 3196 sententiam

622 3244 865 3309 tulerit.
885 3267 916 3303 »

711 3365 771 3420 5·
792 3377 1037 3423 canon:
1078 3360 1356 3424 «Hosius
1385 3360 1719 3442 episcopus
1742 3360 1936 3425 dixit:
1966 3361 2212 3425 Placuit
2237 3362 2311 3423 ut
2340 3361 2395 3424 si
2423 3360 2569 3443 quis
2597 3354 2753 3438 Epis-

630 3492 834 3555 copus
855 3473 1106 3538 delatus
1131 3475 1353 3554 fuerit,
1377 3477 1439 3540 et
1460 3476 1831 3559 congregati
1856 3476 2145 3557 ejusdem
2170 3475 2458 3558 regionis
2480 3468 2755 3555 Episcopi

630 3607 786 3653 eum
816 3587 1024 3671 gradu
1052 3590 1400 3669 moverint,
1430 3592 1494 3654 et
1523 3591 1722 3655 veluti
1755 3593 2085 3673 appellans
2118 3592 2484 3674 confugerit
2512 3589 2590 3654 ad
2623 3590 2756 3652 bea-

629 3703 957 3768 tissimum
997 3710 1300 3769 Romanae
1341 3706 1623 3770 ecclesiae
1656 3707 2067 3787 Episcopum,
2113 3707 2176 3771 et
2206 3706 2365 3770 velit
2401 3705 2618 3786 ipsum
2657 3717 2757 3763 au-

629 3819 802 3898 dire,
839 3820 904 3884 et
928 3822 1177 3901 justum
1223 3839 1360 3885 esse
1396 3821 1861 3885 existimaverit
1896 3824 2037 3903 ejus
2082 3821 2177 3885 rei
2222 3820 2758 3885 examinationem

626 3935 954 4014 renovari,
977 3935 1372 4017 coepiscopis
1398 3936 1679 4000 scribere
1706 3934 2085 4018 dignabitur
2107 3935 2219 4020 qui
2249 3938 2402 4000 sunt
2424 3925 2758 4017 propinqui

621 4050 970 4131 provinciae
978 4096 1000 4128 ,
1045 4052 1122 4114 ut
1162 4050 1284 4131 ipsi
1325 4050 1671 4133 diligenter
1717 4053 1783 4115 et
1824 4053 2118 4116 accurate
2161 4052 2421 4133 singula
2465 4062 2760 4132 perscru-

621 4166 870 4243 tentur,
903 4167 969 4230 et
1000 4185 1077 4230 ex
1107 4166 1395 4230 veritatis
1431 4166 1559 4230 fide
1591 4165 1671 4230 de
1710 4185 1779 4231 re
1817 4167 2208 4232 sententiam
2238 4167 2472 4230 ferant.
2520 4165 2587 4229 Si
2624 4158 2767 4244 quis

626 4282 848 4344 autem
885 4283 1162 4363 postulet
1196 4301 1393 4347 suum
1434 4283 1771 4364 negotium
1810 4301 2038 4347 rursus
2076 4282 2323 4361 audiri,
2359 4283 2423 4346 et
2459 4281 2540 4345 ad
2581 4290 2772 4343 suam

630 4397 1166 4479 supplicationem
1197 4405 1645 4465 Romanorum
1675 4399 1982 4482 Episcopo
2007 4398 2300 4480 judicare
2331 4398 2549 4462 visum
2578 4387 2775 4457 fuerit

629 4513 766 4576 uta
794 4514 1049 4595 proprio
1071 4515 1272 4580 latere
1298 4517 1702 4598 presbyteros
1727 4516 1967 4595 mittat,
1991 4516 2118 4580 erit
2139 4515 2210 4580 in
2236 4512 2540 4596 potestate
2571 4504 2777 4591 ipsius
