3038 5623
346 848 641 896 coneum
693 848 907 898 mov,
952 850 1091 897 PAR
1122 852 1447 899 nAPPon‘r
1500 853 1596 900 Au
1652 836 2138 902 sum-smus.
2247 831 2387 901 249

330 993 406 1055 Le
436 988 657 1054 meme
685 995 852 1072 Pape
894 990 1121 1056 ecrivit
1142 992 1309 1056 ainsi
1354 1011 1480 1057 aux
1521 985 1809 1077 Echues
1831 993 1944 1058 des
1978 993 2212 1058 Gaules
2248 1011 2266 1055 ε

339 1126 371 1165 «
395 1106 695 1170 Auxanio
724 1106 913 1171 fratri
942 1109 1007 1171 et
1043 1108 1423 1190 coepiscopo
1448 1110 1666 1173 nostro
1700 1106 2087 1172 Arelatensis
2112 1106 2390 1173 civitatis

263 1240 289 1278 1
319 1220 624 1298 Antistia,
650 1221 825 1285 vices
850 1224 1104 1285 nostras
1132 1224 1365 1287 caritas
1389 1225 1600 1300 vestra
1617 1240 1738 1287 nos
1752 1221 1999 1287 dedisse
2021 1223 2390 1303 cognoscat,

262 1357 289 1394 1)
322 1338 387 1398 ut
426 1336 481 1399 si
510 1337 763 1419 aliqua,
816 1336 989 1418 quod
1027 1337 1228 1416 absit,
1272 1338 1611 1403 emerserit
1640 1336 1993 1415 contentio,
2036 1353 2390 1418 congrega·

262 1450 391 1514 »tis
437 1451 528 1515 ihi
569 1451 888 1515 fratribus
925 1452 1325 1534 coepiscopis
1366 1453 1630 1532 nostris,
1672 1469 1937 1516 causam
1977 1450 2287 1516 canonica
2328 1451 2394 1514 et

261 1584 287 1620 1)
316 1565 659 1646 apostolica
693 1566 1061 1649 integritate
1107 1566 1479 1646 discutienS‚
1533 1572 1660 1632 Deo
1691 1567 1918 1647 placita
1955 1566 2254 1648 aequitate
2274 1564 2388 1630 de-

260 1698 286 1736 1
317 1679 518 1743 finiat.
568 1682 1023 1746 contentiones
1064 1700 1219 1747 vero
1264 1682 1318 1746 si
1360 1702 1533 1765 quae,
1562 1701 1723 1767 quas
1773 1682 2088 1746 Dominus
2124 1683 2391 1760 avertat,
2464 1749 2484 1768 .

258 1812 286 1850 1
317 1794 389 1856 in
445 1795 594 1858 fidei
642 1814 836 1860 causa
887 1797 1314 1879 contigerint,
1359 1799 1640 1891 aut—tale
1686 1797 2026 1862 emerserit
2058 1797 2393 1878 negotium

259 1929 287 1965 »
316 1909 482 1989 quod
523 1928 644 1991 pro
669 1911 1126 1993 magnitudine
1155 1913 1257 1976 sui
1306 1913 1664 1995 apostolicae
1690 1911 1866 1975 Sedis
1910 1910 2119 1992 magis
2148 1910 2395 1992 judicio

258 2041 286 2078 1>
315 2021 541 2087 debeat
596 2026 966 2104 terminari,
1018 2025 1100 2090 ad
1140 2028 1429 2090 nostram
1470 2026 1761 2091 discussa
1815 2025 2083 2090 veritate
2118 2025 2399 2106 perferat

259 2155 288 2192 1>
321 2141 461 2201 sine
508 2139 819 2204 dilatione
842 2140 1168 2222 notitiam.
1199 2164 1229 2199 »
1269 2142 1495 2220 aoid„
1550 2159 1698 2224 pag.
1726 2143 1892 2219 272.)

331 2255 413 2315 Le
441 2252 663 2317 meme
711 2260 882 2335 Pape
911 2253 1125 2336 repete
1155 2254 1195 2318 3
1236 2255 1569 2334 Aurelien,
1615 2272 1986 2319 successeur
2040 2252 2389 2330 d'Auxane,

260 2385 325 2432 ce
370 2368 528 2449 qu'il
571 2369 746 2433 avait
791 2369 954 2433 ecrit
979 2369 1017 2434 3
1073 2389 1144 2434 33
1176 2369 1442 2435 dernier
1483 2369 1799 2433 touchant
1833 2370 1926 2433 les
1973 2367 2228 2432 affaires
2274 2368 2396 2431 im·

260 2484 579 2563 portantes
619 2484 785 2567 qu’il
823 2484 1024 2549 fallait
1049 2485 1277 2548 laisser
1301 2483 1341 2548 3
1386 2485 1452 2549 13
1494 2483 1778 2547 decision
1827 2482 1918 2546 du
1965 2482 2392 2564 saint-siege,

227 2598 317 2661 et
361 2598 407 2662 il
433 2600 692 2679 ajoute:

343 2735 374 2771 α
400 2714 492 2776 Ita
516 2712 879 2777 decessores
903 2714 1178 2792 vestroS,
1207 2713 1321 2796 qui
1369 2713 1782 2779 decessorum
1811 2715 2187 2778 nostrorum
2222 2712 2395 2777 vices

263 2848 293 2888 n
318 2829 516 2911 egisse
559 2830 1032 2905 monstrantur,
1066 2829 1313 2908 fecisse,
1344 2830 1796 2895 testimonium
1851 2830 2058 2894 nostri
2112 2829 2394 2894 declarat

260 2966 286 3000 η
321 2943 566 3007 scrinii.
597 2965 629 3002 1)
668 2943 895 3023 (Ibid.‚
943 2961 1093 3026 pag.
1120 2947 1287 3022 274.)

332 3062 498 3121 Dans
547 3058 612 3121 le
646 3059 879 3122 rescrit
903 3057 993 3121 du
1035 3058 1250 3122 meme
1293 3062 1457 3141 Pape
1492 3057 1532 3123 3
1574 3058 1865 3142 l'eveque
1897 3051 2265 3134 Eleuthere,
2299 3073 2388 3120 on

259 3171 328 3235 lit
364 3191 467 3236 ces
495 3173 663 3237 mots
690 3192 709 3236 ε

201 3348 208 3355 .
333 3307 369 3346 <a
393 3286 491 3351 Ad
522 3291 882 3351 Romanam
925 3288 1272 3352 Ecclesiam
1318 3304 1583 3353 summa
1622 3287 2084 3368 Episcoporum
2138 3284 2393 3367 negotia

261 3421 292 3460 »
320 3401 383 3465 et
416 3400 662 3482 judicia
685 3404 879 3484 atque
916 3403 1195 3484 querelae
1238 3402 1423 3485 quasi
1449 3401 1533 3465 ad
1560 3403 1755 3482 caput
1805 3419 2061 3484 semper
2111 3400 2398 3465 referen-

258 3533 289 3573 »
318 3514 399 3579 (13
426 3518 603 3579 sunt.
647 3541 676 3575 1>
709 3517 893 3594 (Chr.
940 3517 1129 3595 Wolf,
1172 3519 1330 3581 tom.
1360 3522 1439 3595 V,
1469 3533 1615 3599 pag.
1650 3520 1818 3596 340.)

330 3631 480 3694 L’an
532 3639 672 3708 591,
722 3630 1231 3712 saintcregoirc
1282 3632 1344 3695 le
1395 3632 1612 3695 Grand
1659 3632 1883 3696 etablit
1927 3631 2091 3695 ainsi
2131 3648 2226 3694 un
2272 3630 2395 3695 Le-

258 3744 358 3824 gat
408 3743 807 3826 apostolique
850 3743 1013 3809 dans
1063 3744 1127 3808 la
1150 3745 1379 3825 -Sicile,
1417 3764 1507 3810 en
1543 3764 1612 3811 se
1653 3747 1981 3811 reservant
2026 3746 2118 3809 les
2171 3762 2394 3808 causes

260 3860 571 3940 majeures
600 3878 617 3922 ε

336 3996 367 4033 α
392 3973 699 4038 Mandata
725 3974 1007 4038 coelestia
1038 3974 1366 4039 efficacius
1396 3975 1689 4057 gerimus
1726 3975 1781 4038 si
1822 3975 2039 4038 nostra
2067 3990 2224 4047 cum
2253 3971 2387 4035 fra·

262 4105 293 4146 »
320 4088 528 4152 tribus
581 4106 789 4153 onera
844 4089 1224 4170 partiamur.
1282 4090 1556 4154 Proinde
1611 4108 1805 4171 super
1851 4088 2113 4153 cunctas
2163 4086 2391 4151 Siciliae

257 4221 286 4259 n
318 4203 613 4267 ecclesias
635 4202 1253 4268 reverendissimum
1277 4205 1340 4268 te
1359 4204 1584 4269 virum
1602 4202 2104 4280 Maximianum,
2125 4202 2390 4266 fratrem

255 4334 283 4372 υ
316 4319 377 4380 et
398 4318 859 4400 coepiscopum
884 4320 1207 4395 nostrum,
1230 4318 1402 4382 vices
1430 4319 1609 4384 Sedis
1637 4318 1994 4401 apostolicae
2025 4316 2395 4381 ministrare

255 4448 283 4486 υ
316 4429 730 4496 decernimus
765 4452 782 4496 :
823 4434 897 4496 ut
936 4433 1232 4515 quisquis
1257 4432 1391 4521 illic
1417 4433 1754 4515 religionis
1790 4432 2019 4498 habitu
2060 4433 2387 4508 censetur,

256 4563 285 4602 a
314 4545 705 4626 fraternitati
730 4548 859 4612 tuae
880 4567 956 4612 ex
989 4550 1213 4614 nostra
1235 4528 1614 4613 auctoritate
1638 4549 1961 4630 subjaceat
2005 4567 2024 4612 ε
2070 4547 2392 4629 quatenus
