3038 5623
410 776 549 847 368
1116 773 1504 838 ’11101511111111
1555 791 1839 838 PARTIE.

405 937 552 1014 fuit,
576 939 654 999 ut
682 936 1035 999 innumera
1057 932 1530 1014 propemodum
1568 931 1899 995 declarant
1929 931 2223 1012 exempla
2248 931 2383 994 suis
2411 931 2557 1012 qui-

409 1053 660 1133 busque
676 1049 835 1113 locis
865 1047 1186 1130 ponenda.
1219 1046 1317 1111 Ad
1346 1047 1482 1111 haec
1512 1048 1754 1127 spectat
1779 1047 1973 1129 quod,
2006 1065 2160 1110 cum
2187 1045 2352 1110 Asiae
2370 1046 2554 1125 Epis-‘-

407 1165 547 1247 copi
579 1162 659 1228 de
682 1162 1067 1226 celebrando
1092 1162 1390 1243 paschate
1417 1162 1580 1224 luna
1602 1160 1851 1225 decima
1880 1161 2112 1242 quarta
2140 1161 2433 1241 agerent,
2447 1165 2558 1224 Po-

407 1280 708 1360 lycarpus
739 1280 1008 1340 Romam
1030 1275 1110 1339 ad
1142 1276 1486 1339 Anicetum
1503 1277 1599 1353 (ut
1625 1274 1877 1338 dictum
1920 1275 2038 1353 est)
2078 1273 2159 1337 ad
2189 1277 2331 1355 ejus
2372 1292 2448 1338 66
2475 1275 2558 1339 (16

406 1411 478 1458 16
503 1390 972 1472 explorandum
1004 1390 1389 1454 sententiam
1407 1389 1663 1454 venit...
1697 1411 1727 1448 »
1768 1393 1979 1468 (Anno
2008 1397 2151 1465 173,
2172 1408 2240 1452 n.
2270 1397 2371 1468 19,
2397 1391 2445 1451 t.
2480 1394 2553 1463 ΙΙ,

414 1526 479 1589 p.
517 1514 666 1586 2653
696 1509 901 1584 Lucae,
930 1508 1135 1583 1738.)

494 1627 631 1686 Une
649 1622 834 1685 autre
852 1619 1262 1684 observation
1277 1637 1360 1683 en
1374 1619 1603 1683 faveur
1629 1618 1708 1683 de
1727 1618 2155 1700 l'explication
2173 1618 2252 1682 de
2271 1619 2556 1698 Gratien,

414 1737 568 1801 c'est
581 1754 708 1817 que
737 1735 990 1799 Socrate
1014 1736 1078 1798 et
1090 1732 1466 1811 sozomene,
1496 1733 1661 1796 dans
1682 1734 1777 1797 les
1804 1734 2001 1797 textes
2027 1732 2206 1811 citeS,
2238 1751 2320 1796 ne
2349 1733 2561 1797 disent

417 1869 531 1933 pas
561 1849 990 1931 precisement
1016 1867 1141 1931 que
1173 1850 1264 1912 les
1291 1848 1517 1930 eglises
1566 1867 1649 1912 ne
1693 1850 1974 1930 peuvent
2010 1867 2121 1928 pas
2156 1848 2445 1913 celebrer
2485 1849 2564 1913 de

418 1966 687 2031 conciles
702 1982 853 2027 sans
875 1964 1337 2028 l'assentiment
1349 1943 1438 2028 du
1452 1964 1703 2027 Pontife
1718 1964 2000 2041 romain,
2024 1965 2187 2028 mais
2201 1964 2567 2028 seulement

419 2081 684 2164 qu'elles
708 2098 790 2143 ne
814 2080 1092 2160 peuvent
1118 2096 1228 2160 pas
1258 2079 1415 2142 faire
1443 2078 1557 2142 des
1583 2097 1840 2157 66116115,
1867 2079 2180 2149 κανονίζειν.
2219 2080 2271 2143 Il
2298 2080 2395 2142 est
2425 2080 2565 2143 vrai

420 2214 544 2278 que
588 2195 939 2259 Bellarmin
985 2193 1082 2272 (de
1110 2197 1324 2272 Cone„
1357 2195 1400 2257 l.
1437 2199 1494 2271 I,
1526 2211 1581 2256 c.
1622 2196 1719 2272 12)
1748 2194 2031 2257 soutient
2057 2213 2186 2274 que
2215 2211 2287 2257 ce
2318 2195 2454 2257 mot
2482 2194 2570 2257 si-

418 2311 618 2394 gnifie
646 2328 1011 2391 convoquer
1032 2328 1126 2371 un
1151 2309 1393 2372 concile
1418 2308 1781 2391 canonique
1815 2328 1831 2371 ε
1861 2332 1890 2367 «
1913 2309 2310 2372 canonicum
2327 2311 2569 2373 coetum

416 2449 448 2485 ›>
487 2442 838 2489 convocare
885 2424 1017 2487 sive
1072 2423 1419 2487 concilium
1467 2423 1790 2501 indicere,
1834 2422 2162 2505 quomodo
2208 2425 2571 2506 loquuntur

420 2564 450 2600 »
485 2539 819 2605 Marcellus
838 2540 899 2601 et
916 2539 1131 2602 Julius
1154 2538 1516 2610 Pontifices,
1538 2540 1651 2620 qui
1673 2540 1871 2603 latine
1894 2521 2199 2603 videntur
2222 2541 2566 2621 scripsisse,

425 2677 459 2715 11
491 2655 556 2718 61
581 2652 905 2734 quomodo
940 2653 1009 2716 in
1038 2656 1289 2716 Socrate
1317 2655 1379 2717 61
1414 2657 1766 2719 Sozomcno
1796 2655 1998 2719 latine
2026 2657 2221 2719 vertit
2247 2656 2572 2720 Cassiodo-

419 2789 450 2828 ›>
488 2785 602 2832 rus
626 2768 696 2830 in
722 2767 986 2831 historia
1008 2767 1352 2848 tripartita,
1373 2768 1488 2830 lib.
1518 2774 1618 2847 IV,
1644 2787 1700 2833 c.
1736 2777 1770 2831 9
1801 2769 1865 2834 61
1889 2776 1963 2832 19
1975 2786 1997 2849 ;
2021 2770 2350 2852 quomodo
2370 2771 2570 2835 6116111

420 2905 452 2944 n
489 2883 792 2948 intellixit
841 2883 1254 2963 Nicephorus,
1304 2883 1421 2946 lib.
1457 2888 1557 2959 IX,
1602 2903 1659 2948 6.
1695 2894 1751 2948 5.
1781 2907 1811 2944 11
1853 2885 2273 2964 NeanmoinS,
2306 2904 2391 2950 en
2423 2905 2573 2951 con-

423 2999 671 3061 sultant
697 2998 763 3061 16
789 2998 1008 3072 racine
1051 2997 1267 3061 11161116
1304 2998 1383 3062 de
1413 3016 1483 3061 66
1513 3000 1688 3077 11161,
1721 3017 1808 3063 611
1841 3018 1884 3082 y
1930 3001 2341 3065 reconnaitra
2368 3001 2570 3082 peut-

423 3112 557 3176 etre
602 3111 827 3190 l'idee,
863 3129 996 3175 non
1025 3113 1103 3175 de
1133 3112 1362 3175 reunir
1411 3132 1500 3176 un
1531 3115 1770 3178 concile
1804 3116 2238 3197 quelconque,
2269 3115 2433 3180 mais
2470 3134 2566 3179 un

421 3228 666 3293 66116116
690 3245 858 3309 pour
885 3228 1126 3291 statuer
1147 3245 1231 3291 ou
1260 3228 1420 3291 faire
1441 3227 1552 3292 des
1584 3229 1994 3311 reglements.

503 3343 695 3405 Enfin
722 3343 783 3405 16
810 3359 1075 3423 passage
1095 3341 1239 3422 deja
1264 3342 1388 3405 cite
1417 3342 1496 3406 de
1524 3343 1589 3406 16
1619 3342 1877 3408 defense
1918 3345 2316 3410 d’Ennodius
2345 3365 2427 3410 en
2467 3347 2565 3410 fa-

422 3474 586 3521 veur
632 3454 720 3548 du
749 3473 907 3536 pape
953 3459 1344 3537 Symmaque
1391 3458 1454 3520 et
1509 3457 1587 3521 de
1624 3476 1740 3524 son
1790 3460 2148 3541 quatrieme
2198 3461 2442 3524 concile
2487 3460 2569 3525 de

428 3575 653 3644 Rome,
683 3570 777 3631 est
800 3557 1033 3649 propre
1063 3568 1284 3650 ajeter
1313 3589 1542 3635 encore
1585 3570 1673 3635 du
1714 3575 1866 3653 jour
1894 3592 2010 3637 sur
2035 3577 2195 3639 cette
2241 3575 2566 3659 question.

425 3689 510 3748 Le
541 3683 706 3747 voici
736 3700 821 3746 en
846 3684 1058 3747 entier
1091 3702 1108 3745 ε
1150 3706 1180 3743 c<
1209 3686 1355 3748 Post
1384 3686 1596 3750 haec...
1636 3688 2015 3769 lymphatici
2043 3708 2227 3754 more
2251 3689 2573 3755 sermonis

424 3797 756 3863 addidistis
809 3816 825 3860 ε
874 3802 1041 3880 Ergo
1084 3800 1355 3863 concilia
1403 3801 1812 3871 sacerdotum
1849 3804 2294 3870 ecclesiasticis
2319 3806 2573 3887 legibus

425 3912 775 3994 quotannis
801 3911 1048 3976 decreta
1069 3932 1183 3994 per
1202 3914 1587 3993 provincias,
1612 3917 1764 3997 quia
1788 3919 2200 3998 praesentiam
2228 3926 2408 4002 Papae
2437 3938 2572 3984 non

434 4027 697 4106 habent,
738 4027 1178 4091 valetudinem
1229 4028 1695 4124 perdiderunt?
1724 4066 1806 4080 -
1842 4036 2085 4115 Legite,
2137 4036 2567 4115 insanissimi,

429 4141 780 4223 aliquando
802 4142 874 4204 in
900 4142 1029 4206 illis
1055 4145 1290 4223 praeter
1317 4145 1642 4226 apostolici
1671 4147 1868 4227 apicis
1891 4143 2295 4213 sanctionem
2316 4151 2566 4233 aliquid

423 4255 871 4332 constitutum,
897 4256 962 4319 et
989 4273 1123 4319 non
1151 4256 1229 4321 de
1256 4260 1618 4339 majoribus
1656 4263 1930 4344 negotiis
1959 4263 2040 4326 ad
2067 4264 2479 4329 collationem
2507 4265 2565 4329 si

424 4368 583 4452 quid
624 4370 926 4447 occurrit,
967 4372 1245 4451 praefatae
1285 4374 1461 4438 Sedis
1510 4376 1782 4460 arbitrio
1829 4378 2024 4443 fuisse
2062 4380 2412 4443 servatum.
2460 4380 2566 4444 Sic

428 4484 616 4549 enim
644 4484 842 4550 habes
874 4503 892 4549 ε
921 4488 995 4552 Se·
1022 4489 1160 4569 quis
1189 4489 1642 4571 Episcoporum
1653 4492 1898 4575 judicio
1914 4496 2301 4575 provinciali
2326 4496 2566 4577 deposi-
