3038 5623
596 855 737 925 582
1300 855 1706 934 011⁸(inan
1760 826 2042 921 marm.

593 1017 953 1082 visibilium
980 1035 1236 1082 necnon
1267 1017 1333 1080 et
1373 1015 1807 1080 invisibilium
1841 1014 2266 1092 conditorem,
2296 1014 2445 1091 etc„
2475 1014 2538 1076 et
2566 1011 2734 1094 quod

590 1133 669 1198 de
699 1133 940 1214 Spiritu
967 1135 1196 1197 Sancto
1225 1150 1357 1195 non
1400 1131 1482 1195 ad
1512 1131 1786 1212 plenum
1814 1130 1905 1194 ibi
1940 1130 2343 1211 disputatum
2372 1129 2470 1192 est
2479 1147 2498 1208 3
2527 1128 2736 1191 insur-

592 1250 784 1331 gente
821 1249 980 1312 falsa
1006 1247 1310 1312 Eunomii
1355 1248 1421 1312 et
1445 1245 1800 1312 Macedonii
1828 1246 2059 1310 contra
2088 1244 2402 1326 Spiritum
2428 1243 2732 1308 Sanctum

591 1364 920 1428 minorem
949 1364 1133 1427 Patre
1155 1364 1219 1426 et
1245 1360 1429 1441 Filio,
1460 1378 1794 1425 annexum
1821 1362 1919 1424 est
1955 1359 2236 1441 praefatis
2266 1358 2502 1422 sanctis
2530 1356 2729 1421 Patri-

589 1479 715 1542 bus
743 1477 1466 1558 Constantinopolitanae
1494 1475 1720 1559 synodi
1752 1476 2154 1557 subsequens
2189 1474 2569 1556 capitulum.

673 1592 1010 1657 Credimus
1038 1592 1101 1655 et
1147 1591 1217 1655 in
1262 1591 1583 1673 Spiritum
1631 1591 1967 1669 Sanctum,
2013 1588 2392 1667 Dominum,
2425 1589 2489 1652 et
2514 1586 2729 1649 vivifi-

590 1710 847 1773 cantem
876 1726 955 1772 ex
994 1709 1177 1771 Patre
1215 1707 1281 1770 et
1317 1706 1478 1770 Filio
1519 1705 1995 1786 procedentem,
2045 1722 2199 1768 cum
2247 1704 2433 1768 Patre
2476 1704 2539 1768 et
2579 1700 2735 1766 Filio

592 1821 1003 1885 adorandum
1044 1826 1107 1885 et
1153 1821 1812 1903 conglorificandum3
1849 1819 1962 1903 qui
2008 1820 2262 1883 locutus
2307 1818 2406 1882 est
2446 1835 2562 1898 per
2589 1833 2730 1897 pro-

589 1937 817 2019 phetas
826 1955 848 2018 3
880 1954 1088 2000 unam
1119 1935 1503 1999 catholicam
1527 1936 1719 2017 atque
1749 1934 2164 2016 apostolicam
2188 1932 2561 1997 Ecclesiam.
2587 1935 2737 1995 Con-

587 2051 860 2116 fitemur
886 2069 1100 2115 unum
1126 2051 1449 2132 baptisma
1478 2050 1550 2113 in
1579 2049 2034 2113 remissionem
2057 2050 2498 2130 peccatorum,
2524 2064 2737 2127 expec-

590 2168 810 2231 tamus
852 2166 1392 2232 resurrectionem
1437 2166 1878 2244 mortuorum,
1908 2166 1974 2229 et
2013 2164 2219 2228 vitam
2255 2163 2460 2226 futuri
2500 2162 2736 2227 saeculi.

591 2285 823 2346 Amen.

671 2400 890 2474 Hanc,
926 2395 1159 2459 fratres
1178 2443 1199 2474 ,
1248 2395 1449 2459 fidem
1490 2413 1639 2477 quae
1666 2395 1849 2458 vobis
1876 2395 2162 2475 exposita
2203 2395 2331 2472 est,
2376 2393 2628 2473 oportet
2666 2392 2739 2454 ut

593 2510 872 2576 firmiter
911 2511 1213 2589 teneatiS,
1251 2512 1316 2574 et
1342 2512 1563 2574 tenere
1599 2527 1753 2574 vero
1782 2509 1971 2573 corde
2014 2507 2472 2590 profiteamini.
2519 2506 2740 2571 Dicant

593 2644 823 2690 omnes
857 2647 873 2691 z
906 2631 1089 2690 Hanc
1118 2629 1449 2705 tenemus,
1490 2625 1662 2689 hanc
1691 2625 2060 2703 laudamUS,
2103 2624 2276 2688 hanc
2304 2626 2523 2688 tenere
2548 2622 2741 2704 profi-

592 2742 836 2804 temur.

672 2857 930 2938 Oportet
958 2857 1181 2936 etiam,
1220 2858 1451 2922 fratres
1493 2857 1886 2937 charissimi,
1930 2875 2116 2921 nunc
2146 2856 2274 2920 fide
2305 2856 2530 2919 nostra
2560 2871 2741 2935 expo-

594 2971 740 3051 sita,
768 2973 1018 3054 oportet
1039 2974 1113 3035 ut
1135 2972 1213 3037 de
1241 2973 1590 3037 commisso
1621 2975 1807 3037 nobis
1846 2972 2076 3037 ordine
2109 2972 2327 3054 aliqua
2366 2972 2739 3053 loquamur.

680 3086 893 3151 Finito
941 3104 1264 3167 sannone,
1310 3089 1848 3171 Archiepiscopus
1889 3088 2219 3169 praecipiat
2267 3086 2740 3160 archidiacono,

599 3204 678 3266 ut
705 3203 1000 3283 primum
1032 3203 1390 3284 capitulum
1418 3222 1486 3267 xl
1525 3204 1813 3268 Toletani
1857 3203 2115 3268 concilii
2143 3204 2333 3283 legat.
2374 3205 2455 3267 In
2493 3202 2626 3265 loco
2656 3201 2745 3264 be-

595 3318 962 3381 nedictionis
1003 3318 1381 3382 considentes
1428 3320 1686 3383 Domini
1729 3319 2093 3397 sacerdotes,
2141 3319 2334 3381 nullis
2372 3316 2590 3380 debent
2632 3324 2745 3379 aut

598 3432 943 3496 indiscretis
969 3432 1217 3495 vocibus
1238 3441 1646 3514 perstrepere,
1685 3443 1797 3496 aut
1823 3421 2186 3515 quibuslibet
2211 3431 2581 3495 tumultibus
2609 3447 2746 3511 per-

598 3546 846 3610 turbari
853 3569 875 3616 ,·
901 3546 1094 3609 nullis
1123 3548 1309 3612 etiam
1336 3550 1516 3612 vanis
1545 3548 1777 3630 fabulis
1811 3550 1907 3612 vel
1935 3548 2161 3612 risibus
2190 3548 2322 3627 aqi,
2357 3554 2437 3625 et,
2463 3546 2634 3628 quod
2660 3552 2745 3607 est

599 3662 893 3737 deterius,
924 3661 1246 3727 obstinatis
1273 3664 1826 3727 concertationibus
1872 3664 2285 3726 tumultuosas
2320 3679 2502 3725 voces
2549 3660 2746 3741 effun-

601 3778 742 3842 dere
765 3799 790 3842 .·
816 3779 874 3842 si
906 3778 1045 3859 qu&
1080 3780 1269 3856 enim,
1314 3786 1386 3841 ut
1416 3778 1748 3859 Apostolus
1781 3778 1893 3853 ait,
1924 3785 2110 3859 putat
2137 3794 2197 3840 se
2224 3776 2592 3857 reliqiosum
2630 3791 2747 3838 esse

602 3911 732 3957 non
753 3893 1104 3974 refraenans
1149 3893 1433 3973 linquam
1466 3911 1675 3968 suam,
1719 3893 1822 3956 sed
1865 3892 2150 3956 seducens
2182 3908 2289 3954 cor
2315 3909 2525 3968 suum,
2562 3891 2751 3973 hujus

600 4025 772 4071 vana
812 4015 897 4071 est
921 4008 1143 4088 reliqio
1181 4026 1198 4069 ε
1244 4008 1482 4070 cultum
1521 4009 1685 4070 enim
1728 4025 1915 4071 suum
1945 4008 2199 4089 justitia
2235 4006 2466 4087 perdit,
2501 4005 2750 4088 quando

602 4122 918 4186 silentium
936 4123 1167 4205 judicii
1197 4122 1679 4202 obstrepentium
1709 4122 1894 4186 turba
1930 4121 2279 4203 confundit,
2310 4129 2424 4184 etc.

687 4240 870 4299 Tunc
898 4234 1066 4299 dicat
1103 4235 1393 4300 Pontifex
1442 4236 1613 4301 hanc
1653 4235 2166 4301 exhortationem
2211 4252 2228 4297 t
2264 4238 2447 4313 Ecce,
2491 4235 2758 4299 sanctis-

551 4343 555 4348 ’
606 4350 782 4427 simi,
805 4350 1150 4431 praemissis
1173 4355 1298 4414 Deo
1320 4351 1643 4432 precihuS,
1667 4350 2144 4414 fraternitatem
2165 4350 2452 4413 vestram
2476 4367 2628 4413 cum
2653 4348 2755 4430 pia

607 4464 1047 4529 exhortatione
1079 4466 1418 4544 convenio,
1456 4466 1522 4529 et
1551 4484 1666 4547 per
1703 4465 2009 4529 divinum
2055 4481 2299 4528 nomen
2326 4464 2632 4543 obtestor,
2676 4463 2755 4523 ut

609 4594 687 4642 ea
715 4586 858 4661 quae
898 4578 975 4644 de
1022 4580 1231 4659 nobis,
1278 4580 1357 4645 de
1404 4584 1556 4660 Deo,
1602 4580 1683 4643 de
1726 4579 1922 4643 sacris
1959 4579 2320 4655 ordinibUS,
2371 4579 2474 4643 vel
2520 4576 2754 4642 nostris
