3038 5623
539 852 666 897 x1v
1465 832 1779 894 PmiFAcE

545 1003 831 1078 concilii
904 1001 1365 1097 recognitioni
1431 999 1829 1073 nullatenus
1904 997 2438 1094 subjicerentur.
2514 995 2689 1068 Eam

549 1137 725 1210 Sixti
744 1136 808 1209 V
826 1134 1049 1231 legem
1077 1134 1150 1206 in
1180 1132 1425 1208 Galliis
1448 1156 1597 1205 non
1623 1132 1860 1229 vigere
1879 1136 2438 1227 propugnaverat
2465 1128 2695 1202 domi-

547 1293 681 1341 nus
705 1270 1033 1364 Lequeux
1063 1268 1185 1363 (⁴),
1218 1268 1419 1363 cujus
1446 1271 1616 1338 tunc
1642 1287 1844 1361 opus,
1873 1261 2193 1336 nondum
2219 1286 2260 1335 a
2287 1262 2362 1335 S.
2393 1261 2696 1361 Congre-

546 1402 822 1497 gatione
847 1399 1105 1471 Indicis
1133 1398 1521 1492 confixum,
1552 1396 1744 1469 haud
1770 1419 2054 1492 parvam
2081 1393 2266 1491 apud
2285 1394 2530 1468 Galliae
2555 1396 2696 1468 cle-

550 1556 712 1605 rum
741 1532 1220 1605 auctoritatem
1249 1527 1831 1625 consequebatur.
1868 1528 1956 1600 Et
1982 1528 2059 1599 in
2094 1526 2318 1599 diario
2347 1526 2562 1598 l’Ami
2606 1525 2695 1599 de

554 1666 630 1739 la
652 1663 968 1761 reliqion
993 1668 1102 1755 (11
1138 1662 1553 1759 septembris
1588 1666 1804 1755 1849,
1833 1668 2021 1735 tomo
2057 1665 2218 1751 142,
2250 1661 2525 1758 paginis
2551 1665 2693 1735 689

551 1803 621 1870 et
659 1796 826 1891 690)
861 1819 1014 1868 rem
1044 1795 1120 1867 in
1151 1818 1510 1891 suspenso,
1550 1795 1749 1892 quasi
1784 1793 1999 1867 dubia
2032 1794 2277 1867 saltem
2312 1793 2516 1886 foret,
2567 1818 2696 1868 re-

479 2030 486 2036 ·
554 1929 919 2026 linquebat
969 1928 1360 2001 dissertatio
1435 1927 1756 2024 quaedam
1817 1927 2119 2001 auctoris
2175 1928 2510 2024 anonymi
2567 1927 2689 2023 (2).

551 2061 1167 2160 Subjiciendorum
1204 2084 1418 2134 sacrae
1465 2059 2004 2157 Congregationi
2060 2059 2503 2134 decretorum
2549 2059 2697 2157 lege

557 2195 749 2269 haud
803 2194 1183 2290 constringi
1240 2192 1694 2289 provincialia
1751 2192 1995 2267 Galliae
2050 2192 2373 2283 concilia,
2434 2193 2701 2266 caeteris

564 2329 922 2403 ardentius
960 2325 1380 2400 defendebat
1414 2326 1825 2399 Parisiensis
1853 2324 2443 2422 Archiepiscopus
2477 2324 2704 2399 domi-

557 2485 694 2533 nus
722 2460 1005 2533 Sibour.

654 2592 878 2689 Atque
917 2593 1013 2665 ita
1043 2592 1283 2664 multis
1314 2615 1396 2665 ea
1431 2590 1773 2663 sententia
1813 2591 2031 2663 menti
2081 2589 2420 2663 insedisse
2454 2588 2698 2685 perfe-

560 2724 866 2816 rabatur,
902 2730 979 2796 ut
1014 2724 1358 2821 generalis
1399 2729 1468 2795 et
1505 2723 1582 2795 in
1619 2730 1853 2797 actum
1891 2747 2057 2797 mox
2098 2723 2474 2796 transitura
2506 2721 2702 2795 vide-

559 2865 778 2931 retur.
835 2857 1006 2930 Inde
1062 2863 1296 2931 autem
1354 2863 1697 2954 quantum
1762 2857 1866 2930 rei
1935 2857 2297 2930 catholicae
2361 2856 2701 2929 damnum

561 2991 1011 3080 immineret,
1082 2993 1331 3063 anxius
1388 3005 1678 3062 'mecum
1729 2990 1877 3087 ipse
1919 2990 2413 3088 recogitabam.
2465 2990 2707 3063 Enim-

641 3288 713 3361 (1)
747 3289 810 3344 In
835 3303 936 3343 suo
963 3287 1214 3342 manuali
1239 3286 1553 3358 compendio
1595 3287 1745 3357 juris
1774 3290 2023 3343 canonici
2054 3287 2227 3360 (tomo
2253 3303 2295 3358 1,
2316 3303 2443 3360 pag.
2474 3291 2565 3357 73,
2592 3287 2708 3344 edi-

565 3386 715 3441 tione
739 3384 937 3455 tertia),
962 3384 1091 3439 citat
1109 3384 1660 3456 primum'Benedicti
1682 3387 1795 3441 XIV
1819 3385 1989 3441 verba
2014 3384 2139 3441 haec
2167 3402 2181 3440 ε
2210 3387 2333 3441 Etsi
2354 3388 2417 3441 in
2446 3385 2711 3457 ejusmodi

566 3482 789 3553 synodis
802 3482 931 3551 fidei
955 3496 1129 3536 causoe
1152 3497 1261 3553 non
1276 3484 1701 3552 pertractentur,
1726 3483 1820 3538 sed
1837 3484 1955 3538 sola
1982 3484 2282 3539 condantur
2302 3483 2514 3539 decreta
2537 3483 2707 3539 disci-

561 3581 781 3653 plinam
836 3581 1214 3650 respicientia,
1281 3594 1346 3633 ea
1394 3582 1690 3650 antequam
1730 3582 2145 3651 promulqentur
2194 3582 2499 3635 transmitti
2538 3581 2711 3650 jussit

567 3678 756 3735 Siaetus
789 3678 843 3733 V
861 3676 938 3730 ad
978 3679 1446 3746 congregationem
1472 3679 1704 3744 concilii,
1747 3693 1857 3735 non
1884 3678 2104 3751 quidem
2132 3681 2198 3733 ut
2218 3681 2406 3750 postea
2424 3680 2708 3749 confirma-

567 3778 768 3831 tionem
785 3776 1059 3845 recipiant
1081 3777 1116 3829 ὰ
1144 3775 1279 3830 Sede
1297 3777 1617 3846 apostolica,
1646 3775 1741 3831 sect
1764 3780 1827 3831 ut
1854 3778 2219 3847 corrigantur,
2245 3778 2298 3833 si
2320 3774 2457 3846 quid
2473 3776 2712 3844 fortasse

567 3876 631 3929 in
658 3873 853 3928 iisdem
882 3876 979 3927 aut
1001 3874 1168 3927 nimis
1187 3871 1451 3941 riqidum,
1473 3878 1571 3928 aut
1593 3875 1774 3929 minus
1812 3876 2020 3930 rationi
2038 3889 2326 3943 conqruum
2345 3873 2713 3945 deprehenda-

571 3975 679 4027 tur.
720 3973 918 4027 Postea
939 3970 1059 4043 ipse
1077 3970 1157 4025 sic
1187 3969 1470 4042 subjungit
1497 3987 1511 4025 ε
1542 3972 1599 4028 N
1599 3987 1666 4028 on
1683 3975 1942 4043 putamus
1980 3971 2131 4042 apud
2153 3986 2248 4026 nos
2274 3973 2445 4039 fuisse
2465 3972 2713 4042 promul-

568 4071 754 4137 gatam
776 4069 1206 4123 constitutionem
1227 4068 1378 4123 Sioeti
1406 4069 1476 4138 V,
1500 4068 1575 4123 ad
1598 4084 1761 4139 quam
1790 4069 1997 4124 alludit
2018 4068 2335 4125 Benedictus
2359 4070 2512 4137 XIV,
2537 4070 2714 4138 siqui-

571 4165 690 4221 dem
710 4163 860 4235 apud
883 4179 977 4219 nos
1006 4180 1113 4221 non
1127 4167 1350 4236 proprie
1369 4167 1681 4235 aquoscitur
1688 4166 2005 4236 jurisdictio
2030 4168 2458 4237 conqreqationis
2478 4167 2711 4222 concilii.

646 4261 715 4334 (2)
744 4260 861 4316 Viri
883 4260 1193 4332 gravissimi
1221 4262 1538 4318 testimonio
1574 4263 1798 4333 rescivi,
1821 4263 2066 4335 praefatae
2096 4264 2495 4321 dissertationis
2521 4266 2713 4320 aucto-

571 4374 695 4416 rem
730 4358 897 4415 fuisse
939 4358 1232 4415 dominum
1277 4360 1453 4431 Icard,
1495 4360 1737 4431 Parisiis,
1768 4361 1830 4436 in
1868 4362 2166 4419 seminario
2206 4363 2265 4419 S.
2319 4360 2539 4434 Sulpitii
2573 4361 2716 4434 juris

571 4455 828 4515 canonici
852 4454 1244 4528 professorem.
