3038 5623
1119 759 1261 829 546
1791 757 2199 834 chmtm
2255 777 2538 826 unm.

1113 920 1417 997 deberent,
1444 919 1651 999 ipsum
1694 917 1838 981 hinc
1860 926 1916 981 ct
1940 919 2083 982 inde
2109 921 2581 996 associantibus,
2622 930 2679 986 ct
2701 922 2788 986 ibi
2810 923 3038 1004 antefa

1108 1038 1277 1100 rium
1304 1035 1423 1098 sibi
1458 1041 1763 1114 paratum
1799 1033 2187 1115 ycnuflcoeus,
2225 1035 2504 1116 deposita
2525 1036 2746 1114 mitra,
2782 1037 3016 1119 incipit,

1109 1157 1538 1232 prosequente,
1568 1150 1984 1230 antiphonam
2012 1149 2083 1232 (8
2113 1152 2282 1229 toni)
2312 1174 2335 1214 .-

1189 1309 1432 1373 Exaudi
1462 1327 1608 1386 nos,
1662 1308 1958 1384 Domine,
1988 1308 2303 1391 quoniam
2350 1310 2636 1392 benigna
2677 1312 2773 1374 est
2817 1311 3038 1375 miseri·

1105 1426 1219 1488 tua
1240 1473 1262 1503 ,
1318 1427 1382 1488 et
1441 1422 1807 1488 secundum
1867 1423 2366 1489 multitudinem
2433 1425 2934 1490 miserationum
2987 1428 3038 1489 tt

1105 1540 1347 1621 respice
1379 1557 1516 1617 ηοε,
1552 1539 1846 1603 Domine.

1184 1729 1293 1791 Ps.
1321 1725 1587 1788 Salvum
1618 1743 1725 1789 me
1753 1725 1878 1801 fae,
1905 1729 2096 1790 Deus·

1185 1916 1433 1994 Incepto
1467 1912 1738 1994 psalmo,
1783 1911 1937 1976 sedit
1967 1912 2293 1992 Pontifex,
2325 1919 2570 1994 accepta
2594 1913 2810 1992 mitra,
2842 1922 2900 1977 et
2929 1917 3022 1979 sic

1108 2047 1425 2112 quousque
1449 2029 1719 2110 finiatur
1734 2029 2045 2108 psalmus,
2072 2036 2128 2091 ct
2154 2028 2504 2108 antiphona
2529 2037 2865 2110 repetatur.

1955 2292 2246 2357 Psalmus
2291 2299 2390 2356 68.

1184 2533 1445 2596 Salvum
1478 2549 1587 2595 me
1613 2532 1737 2609 fac,
1763 2535 1953 2609 DeuS,
1984 2530 2010 2556 *
2029 2530 2344 2613 quoniam
2372 2531 2787 2595 intraverunt
2826 2548 3021 2613 aquae

1102 2646 1182 2710 ad
1207 2645 1499 2710 animam
1529 2663 1767 2710 meam.

1182 2762 1423 2827 infixus
1451 2778 1600 2825 sum
1632 2760 1703 2824 in
1732 2759 1891 2825 limo
1917 2761 2244 2843 profundi,
2275 2762 2305 2797 *
2327 2762 2390 2825 et
2421 2780 2551 2826 non
2574 2763 2670 2828 est
2693 2765 3038 2829 substantia

1177 2878 1339 2943 Veni
1364 2878 1435 2941 in
1464 2878 1879 2942 altitudinem
1909 2878 2134 2956 marie,
2157 2878 2190 2915 *
2216 2879 2282 2943 et
2307 2879 2655 2959 tempestas
2677 2879 2997 2946 demersit
3020 2901 3038 2945 ι

1178 2993 1488 3058 Laboravi
1512 2994 1839 3074 clamans3
1865 3010 2079 3057 raucae
2110 2994 2293 3057 factae
2327 2995 2486 3057 sunt
2526 2994 2740 3059 fauces
2770 3013 2936 3060 meae
2981 3003 3038 3060 :³

1099 3111 1333 3176 cerunt
1358 3109 1532 3173 oculi
1556 3108 1712 3187 mei,
1732 3109 1893 3172 dum
1920 3126 2105 3190 spero
2133 3109 2203 3172 in
2236 3114 2443 3173 Deum
2473 3129 2719 3175 meum.

1180 3225 1589 3307 Multiplicati
1625 3226 1784 3289 sunt
1807 3242 2003 3307 super
2032 3226 2299 3306 capillos
2326 3226 2550 3306 capitis
2573 3226 2732 3305 mei,
2760 3227 2790 3263 *
2815 3228 2937 3309 qui
2969 3228 3038 3294 oc

1101 3358 1208 3405 me
1238 3341 1459 3422 gratis.

1176 3454 1521 3519 confortati
1544 3457 1701 3517 sunt
1717 3456 1831 3537 qui
1855 3455 2170 3537 persecuti
2193 3458 2349 3520 sunt
2377 3475 2483 3522 me
2510 3456 2764 3522 inimici
2790 3459 2923 3523 mei
2960 3460 3038 3540 in¹

1098 3570 1122 3597 ⁴
1150 3587 1295 3652 quae
1325 3586 1455 3633 non
1488 3570 1702 3650 rapui,
1731 3573 1890 3634 tunc
1915 3571 2315 3635 exolvebam.

1108 3717 1114 3723 ·
1177 3689 1367 3760 DeuS,
1391 3687 1466 3748 tu
1494 3685 1616 3749 scis
1634 3685 2075 3767 insipientiam
2097 3704 2311 3750 meam
2347 3704 2364 3749 :
2393 3686 2426 3723 *
2446 3687 2511 3752 et
2527 3686 2758 3753 delicta
2782 3705 2936 3753 mea
2969 3698 3038 3754 ai

1098 3802 1253 3865 sunt
1279 3800 1672 3864 abscondita.

1174 3920 1313 3980 Non
1336 3916 1720 3979 erubescant
1750 3915 1817 3979 in
1849 3934 1957 3980 me
1980 3916 2094 3999 qui
2119 3918 2458 3998 expectant
2473 3919 2561 3995 te,
2585 3918 2881 3997 Domine,
2904 3921 2940 3957 ²*
2970 3925 3038 3985 D«

1095 4029 1440 4094 virtutum.

1177 4148 1316 4208 Non
1373 4144 1858 4209 confundantur
1907 4164 2104 4229 super
2148 4166 2282 4226 me,
2325 4157 2358 4195 *
2399 4149 2517 4231 qui
2566 4149 2874 4232 quaerunt
2928 4152 3023 4229 te,

1097 4260 1309 4324 lsrael.

1177 4372 1495 4452 Quoniam
1541 4378 1796 4457 propter
1841 4378 1904 4443 te
1945 4379 2227 4444 sustinui
2267 4382 2714 4463 opprobrium,
2741 4385 2775 4420 ’¹‘
2798 4384 3038 4466 operuit

1098 4491 1264 4555 fusio
1290 4491 1517 4555 faciem
1542 4510 1780 4557 meam.
