3038 5623
108 4949 121 4996 q.
100 4889 115 4910 a·
87 3103 115 4804 ...aff-fflffl
88 2945 93 2972 .-

602 769 744 839 288
1296 769 1680 837 'rnolsfflnn
1729 788 2005 836 murm.

601 933 878 1012 (comme
905 950 992 997 on
1019 931 1187 1013 sait),
1217 933 1279 998 le
1303 952 1549 1016 prouve
1571 951 1651 998 ex
1666 934 1963 1016 professe,
1993 930 2155 997 dans
2200 946 2270 997 sa
2298 939 2395 996 28·
2421 928 2684 994 disserta-

605 1048 741 1112 tion
767 1067 881 1113 sur
902 1050 962 1113 le
985 1063 1073 1113 ιν·
1101 1048 1310 1115 siecle.

692 1186 723 1224 <t
750 1167 884 1228 Hoc
907 1164 1065 1245 ipso,
1097 1164 1289 1245 dit-il,
1326 1165 1500 1250 quod
1542 1170 1869 1230 Romanus
1909 1163 2195 1229 Pontifex
2224 1165 2316 1229 est
2332 1164 2477 1245 jure
2498 1157 2692 1225 divino

607 1279 908 1344 omnium
933 1279 1389 1364 Episcoporum
1409 1281 1685 1364 primuS,
1717 1283 1782 1347 et
1804 1281 2048 1347 caeteris
2069 1279 2509 1363 jurisdictione
2537 1291 2695 1357 supe·

607 1396 764 1476 rior,
788 1396 1084 1462 Ecclesiae
1107 1399 1321 1478 caput,
1349 1397 1630 1463 vicarius
1661 1397 1918 1476 Christi,
1950 1413 2349 1480 consequens
2393 1395 2487 1460 est
2529 1393 2600 1456 ut
2633 1387 2698 1453 ad

619 1513 831 1597 ipsum
880 1512 1166 1595 Episcopi
1211 1531 1364 1577 cum
1391 1513 1706 1597 injuriam
1750 1514 2086 1596 patiuntur
2113 1513 2433 1596 appellare
2467 1505 2699 1594 possint.

620 1633 761 1711 Ipsa
802 1628 982 1694 enim
1017 1627 1187 1711 juris
1238 1630 1553 1694 naturalis
1594 1631 1858 1714 aequitas
1898 1632 1979 1696 ab
2018 1630 2404 1696 inferiorum
2440 1626 2704 1712 judicum

625 1744 962 1811 sententiis
983 1743 1063 1808 ad
1087 1745 1762 1828 supremumjudicem
1788 1747 2089 1829 appellari
2115 1764 2294 1829 posse
2310 1746 2506 1812 dictat
2516 1744 2576 1809 et
2591 1758 2707 1825 per-

623 1860 869 1926 suadet.
897 1864 1059 1926 Cum
1083 1860 1299 1944 itaque
1327 1865 1653 1928 Romanus
1682 1863 1967 1928 Pontifex
1989 1864 2235 1929 ratione
2277 1863 2378 1929 sui
2434 1859 2714 1947 primatus

626 1977 711 2042 sit
731 1977 1025 2059 superior
1049 1978 1368 2061 Episcopis
1392 1979 1695 2044 omnibus
1736 1979 1994 2045 divisim
2041 1981 2311 2063 sumptis
2360 1983 2428 2046 et
2466 1973 2716 2045 conciliis

624 2092 820 2160 etiam
860 2090 1362 2176 provincialibus
1409 2111 1482 2159 ae
1535 2095 2001 2178 nationalibus3
2054 2096 2134 2160 ad
2170 2097 2383 2179 ipsum
2438 2093 2719 2179 appellare

627 2222 807 2290 posse
830 2200 1194 2291 Episcopus,
1230 2209 1888 2292 Metropolitanorum,
1932 2210 2312 2291 Primatum,
2360 2206 2723 2276 patriarcha-

628 2343 782 2389 rum
826 2328 941 2389 aut
970 2325 1389 2391 conciliorum
1427 2326 1561 2392 sive
1590 2326 2087 2409 provincialium
2126 2327 2261 2392 sive
2298 2325 2723 2398 nationalium,

631 2439 764 2505 sive
789 2440 1318 2522 patriarchalium
1341 2441 1601 2524 judiciis
1629 2442 1964 2528 depositos,
1995 2415 2348 2510 necessario
2377 2441 2675 2527 sequitur.
2693 2456 2722 2498 ι
