<?xml version="1.0" encoding="UTF-8"?>
<!DOCTYPE html PUBLIC "-//W3C//DTD XHTML 1.0 Transitional//EN"
    "http://www.w3.org/TR/xhtml1/DTD/xhtml1-transitional.dtd">
<html xmlns="http://www.w3.org/1999/xhtml" xml:lang="en" lang="en">
 <head>
  <title>
</title>
<meta http-equiv="Content-Type" content="text/html;charset=utf-8" />
  <meta name='ocr-system' content='tesseract 3.04.00' />
  <meta name='ocr-capabilities' content='ocr_page ocr_carea ocr_par ocr_line ocrx_word'/>
</head>
<body>
  <div class='ocr_page' id='page_1' title='image "./tractatusdeconc00bouigoog_0242.png"; bbox 0 0 3038 5623; ppageno 0'>
   <div class='ocr_carea' id='block_1_1' title="bbox 686 820 2110 893">
    <p class='ocr_par' dir='ltr' id='par_1_1' title="bbox 686 820 2110 893">
     <span class='ocr_line' id='line_1_1' title="bbox 686 820 2110 893; baseline -0.005 0"><span class='ocrx_word' id='word_1_1' title='bbox 686 822 828 893; x_wconf 74' lang='lat'><strong>222</strong></span> <span class='ocrx_word' id='word_1_2' title='bbox 1391 820 1779 885; x_wconf 62' lang='lat' dir='ltr'><strong>‘rnolsrkmz</strong></span> <span class='ocrx_word' id='word_1_3' title='bbox 1830 838 2110 887; x_wconf 72' lang='lat' dir='ltr'><strong>PAR-rm.</strong></span> 
     </span>
    </p>
   </div>
   <div class='ocr_carea' id='block_1_2' title="bbox 682 979 2839 3710">
    <p class='ocr_par' dir='ltr' id='par_1_2' title="bbox 685 979 2809 1183">
     <span class='ocr_line' id='line_1_2' title="bbox 685 979 2809 1063; baseline 0 -18"><span class='ocrx_word' id='word_1_4' title='bbox 685 1007 717 1045; x_wconf 65' lang='lat' dir='ltr'><strong>a</strong></span> <span class='ocrx_word' id='word_1_5' title='bbox 765 985 1235 1059; x_wconf 82' lang='lat' dir='ltr'><strong>auctoritatem,</strong></span> <span class='ocrx_word' id='word_1_6' title='bbox 1265 982 1330 1046; x_wconf 86' lang='lat' dir='ltr'><strong>et</strong></span> <span class='ocrx_word' id='word_1_7' title='bbox 1351 980 1430 1044; x_wconf 91' lang='lat' dir='ltr'><strong>ad</strong></span> <span class='ocrx_word' id='word_1_8' title='bbox 1462 979 1755 1044; x_wconf 81' lang='lat' dir='ltr'><strong>Ecclesioe</strong></span> <span class='ocrx_word' id='word_1_9' title='bbox 1785 980 2111 1045; x_wconf 85' lang='lat' dir='ltr'><strong>catholicae</strong></span> <span class='ocrx_word' id='word_1_10' title='bbox 2138 981 2456 1046; x_wconf 88' lang='lat' dir='ltr'><strong>unitatem</strong></span> <span class='ocrx_word' id='word_1_11' title='bbox 2481 981 2723 1063; x_wconf 90' lang='lat' dir='ltr'><strong>pariter</strong></span> <span class='ocrx_word' id='word_1_12' title='bbox 2744 997 2809 1046; x_wconf 84' lang='lat' dir='ltr'><strong>ac</strong></span> 
     </span>
     <span class='ocr_line' id='line_1_3' title="bbox 685 1095 2107 1183; baseline -0.003 -22"><span class='ocrx_word' id='word_1_13' title='bbox 685 1123 719 1161; x_wconf 70' lang='lat' dir='ltr'>n</span> <span class='ocrx_word' id='word_1_14' title='bbox 767 1100 1171 1183; x_wconf 79' lang='lat' dir='ltr'><strong>dignitatem.</strong></span> <span class='ocrx_word' id='word_1_15' title='bbox 1204 1122 1234 1156; x_wconf 65' lang='grc' dir='ltr'>π</span> <span class='ocrx_word' id='word_1_16' title='bbox 1265 1099 1452 1175; x_wconf 91' lang='lat' dir='ltr'><strong>(Dom</strong></span> <span class='ocrx_word' id='word_1_17' title='bbox 1480 1095 1809 1172; x_wconf 77' lang='lat' dir='ltr'><strong>Constant,</strong></span> <span class='ocrx_word' id='word_1_18' title='bbox 1839 1113 1904 1176; x_wconf 90' lang='lat' dir='ltr'><strong>p.</strong></span> <span class='ocrx_word' id='word_1_19' title='bbox 1937 1098 2107 1175; x_wconf 78' lang='lat'><strong>216.)</strong></span> 
     </span>
    </p>

    <p class='ocr_par' dir='ltr' id='par_1_3' title="bbox 682 1210 2816 1530">
     <span class='ocr_line' id='line_1_4' title="bbox 770 1210 2814 1294; baseline -0.002 -13"><span class='ocrx_word' id='word_1_20' title='bbox 770 1221 856 1281; x_wconf 88' lang='lat' dir='ltr'><strong>Le</strong></span> <span class='ocrx_word' id='word_1_21' title='bbox 890 1216 1105 1279; x_wconf 74' lang='lat' dir='ltr'><strong>meme</strong></span> <span class='ocrx_word' id='word_1_22' title='bbox 1131 1213 1304 1278; x_wconf 86' lang='lat' dir='ltr'><strong>saint</strong></span> <span class='ocrx_word' id='word_1_23' title='bbox 1344 1212 1620 1294; x_wconf 77' lang='lat' dir='ltr'><strong>cyprien</strong></span> <span class='ocrx_word' id='word_1_24' title='bbox 1653 1212 1934 1276; x_wconf 82' lang='lat' dir='ltr'><strong>s’excuse</strong></span> <span class='ocrx_word' id='word_1_25' title='bbox 1964 1211 2131 1275; x_wconf 91' lang='lat' dir='ltr'><strong>ainsi</strong></span> <span class='ocrx_word' id='word_1_26' title='bbox 2169 1210 2249 1276; x_wconf 90' lang='lat' dir='ltr'><strong>de</strong></span> <span class='ocrx_word' id='word_1_27' title='bbox 2288 1210 2537 1276; x_wconf 84' lang='lat' dir='ltr'><strong>n&#39;avoir</strong></span> <span class='ocrx_word' id='word_1_28' title='bbox 2581 1228 2694 1293; x_wconf 87' lang='lat' dir='ltr'><strong>pas</strong></span> <span class='ocrx_word' id='word_1_29' title='bbox 2726 1212 2814 1276; x_wconf 90' lang='lat' dir='ltr'><strong>in-</strong></span> 
     </span>
     <span class='ocr_line' id='line_1_5' title="bbox 682 1325 2816 1410; baseline -0.003 -13"><span class='ocrx_word' id='word_1_30' title='bbox 682 1331 892 1397; x_wconf 80' lang='lat' dir='ltr'><strong>forme</strong></span> <span class='ocrx_word' id='word_1_31' title='bbox 932 1330 1014 1394; x_wconf 87' lang='lat' dir='ltr'><strong>de</strong></span> <span class='ocrx_word' id='word_1_32' title='bbox 1053 1328 1223 1392; x_wconf 86' lang='lat' dir='ltr'><strong>suite</strong></span> <span class='ocrx_word' id='word_1_33' title='bbox 1259 1327 1321 1392; x_wconf 86' lang='lat' dir='ltr'><strong>le</strong></span> <span class='ocrx_word' id='word_1_34' title='bbox 1359 1325 1747 1408; x_wconf 80' lang='lat' dir='ltr'><strong>Saint-Siege</strong></span> <span class='ocrx_word' id='word_1_35' title='bbox 1782 1326 1863 1390; x_wconf 86' lang='lat' dir='ltr'><strong>de</strong></span> <span class='ocrx_word' id='word_1_36' title='bbox 1903 1343 1974 1390; x_wconf 86' lang='lat' dir='ltr'><strong>ce</strong></span> <span class='ocrx_word' id='word_1_37' title='bbox 2016 1326 2132 1410; x_wconf 89' lang='lat' dir='ltr'><strong>qui</strong></span> <span class='ocrx_word' id='word_1_38' title='bbox 2176 1326 2548 1392; x_wconf 84' lang='lat' dir='ltr'><strong>oonoernait</strong></span> <span class='ocrx_word' id='word_1_39' title='bbox 2582 1326 2643 1391; x_wconf 86' lang='lat' dir='ltr'><strong>le</strong></span> <span class='ocrx_word' id='word_1_40' title='bbox 2680 1326 2816 1391; x_wconf 76' lang='lat' dir='ltr'><strong>faux</strong></span> 
     </span>
     <span class='ocr_line' id='line_1_6' title="bbox 687 1445 1315 1530; baseline -0.011 -17"><span class='ocrx_word' id='word_1_41' title='bbox 687 1448 932 1530; x_wconf 63' lang='lat' dir='ltr'><strong>aveque</strong></span> <span class='ocrx_word' id='word_1_42' title='bbox 957 1445 1265 1511; x_wconf 82' lang='lat' dir='ltr'><strong>Fortunat</strong></span> <span class='ocrx_word' id='word_1_43' title='bbox 1295 1461 1315 1506; x_wconf 75' lang='lat' dir='ltr'>z</span> 
     </span>
    </p>

    <p class='ocr_par' dir='ltr' id='par_1_4' title="bbox 694 1557 2823 2100">
     <span class='ocr_line' id='line_1_7' title="bbox 783 1557 2821 1640; baseline 0 -19"><span class='ocrx_word' id='word_1_44' title='bbox 783 1586 813 1621; x_wconf 72' lang='grc' dir='ltr'>ι</span> <span class='ocrx_word' id='word_1_45' title='bbox 840 1561 1018 1639; x_wconf 88' lang='lat' dir='ltr'><strong>Quod</strong></span> <span class='ocrx_word' id='word_1_46' title='bbox 1037 1561 1260 1623; x_wconf 84' lang='lat' dir='ltr'><strong>autem</strong></span> <span class='ocrx_word' id='word_1_47' title='bbox 1280 1557 1397 1621; x_wconf 90' lang='lat' dir='ltr'><strong>tibi</strong></span> <span class='ocrx_word' id='word_1_48' title='bbox 1418 1557 1497 1622; x_wconf 87' lang='lat' dir='ltr'><strong>de</strong></span> <span class='ocrx_word' id='word_1_49' title='bbox 1521 1558 1871 1622; x_wconf 86' lang='lat' dir='ltr'><strong>Fortunato</strong></span> <span class='ocrx_word' id='word_1_50' title='bbox 1891 1557 2011 1622; x_wconf 91' lang='lat' dir='ltr'><strong>isto</strong></span> <span class='ocrx_word' id='word_1_51' title='bbox 2034 1557 2595 1640; x_wconf 85' lang='lat' dir='ltr'><strong>pseudoepiscopo,</strong></span> <span class='ocrx_word' id='word_1_52' title='bbox 2623 1575 2663 1622; x_wconf 88' lang='lat' dir='ltr'><strong>a</strong></span> <span class='ocrx_word' id='word_1_53' title='bbox 2683 1577 2821 1639; x_wconf 88' lang='lat' dir='ltr'><strong>pau·</strong></span> 
     </span>
     <span class='ocr_line' id='line_1_8' title="bbox 695 1672 2815 1755; baseline 0 -19"><span class='ocrx_word' id='word_1_54' title='bbox 695 1699 727 1736; x_wconf 73' lang='lat'>»</span> <span class='ocrx_word' id='word_1_55' title='bbox 774 1676 868 1740; x_wconf 83' lang='lat' dir='ltr'><strong>cis</strong></span> <span class='ocrx_word' id='word_1_56' title='bbox 896 1677 961 1740; x_wconf 89' lang='lat' dir='ltr'><strong>et</strong></span> <span class='ocrx_word' id='word_1_57' title='bbox 996 1673 1368 1738; x_wconf 80' lang='lat' dir='ltr'><strong>inveteratis</strong></span> <span class='ocrx_word' id='word_1_58' title='bbox 1410 1672 1732 1736; x_wconf 82' lang='lat' dir='ltr'><strong>hoereticis</strong></span> <span class='ocrx_word' id='word_1_59' title='bbox 1776 1673 2121 1737; x_wconf 85' lang='lat' dir='ltr'><strong>constituto</strong></span> <span class='ocrx_word' id='word_1_60' title='bbox 2160 1691 2294 1738; x_wconf 89' lang='lat' dir='ltr'><strong>non</strong></span> <span class='ocrx_word' id='word_1_61' title='bbox 2332 1674 2551 1737; x_wconf 89' lang='lat' dir='ltr'><strong>statim</strong></span> <span class='ocrx_word' id='word_1_62' title='bbox 2582 1673 2815 1755; x_wconf 84' lang='lat' dir='ltr'><strong>scripsi,</strong></span> 
     </span>
     <span class='ocr_line' id='line_1_9' title="bbox 694 1788 2821 1871; baseline 0 -20"><span class='ocrx_word' id='word_1_63' title='bbox 694 1811 726 1850; x_wconf 67' lang='grc' dir='ltr'><strong>ι)</strong></span> <span class='ocrx_word' id='word_1_64' title='bbox 777 1791 980 1853; x_wconf 82' lang='lat' dir='ltr'><strong>frater</strong></span> <span class='ocrx_word' id='word_1_65' title='bbox 1023 1788 1380 1865; x_wconf 82' lang='lat' dir='ltr'>carissime,</span> <span class='ocrx_word' id='word_1_66' title='bbox 1419 1805 1554 1851; x_wconf 91' lang='lat' dir='ltr'><strong>non</strong></span> <span class='ocrx_word' id='word_1_67' title='bbox 1597 1805 1670 1851; x_wconf 87' lang='lat' dir='ltr'><strong>ea</strong></span> <span class='ocrx_word' id='word_1_68' title='bbox 1715 1806 1817 1852; x_wconf 79' lang='lat' dir='ltr'><strong>res</strong></span> <span class='ocrx_word' id='word_1_69' title='bbox 1856 1788 1997 1851; x_wconf 87' lang='lat' dir='ltr'><strong>erat</strong></span> <span class='ocrx_word' id='word_1_70' title='bbox 2031 1806 2175 1871; x_wconf 81' lang='lat' dir='ltr'><strong>quae</strong></span> <span class='ocrx_word' id='word_1_71' title='bbox 2204 1788 2273 1852; x_wconf 95' lang='lat' dir='ltr'><strong>in</strong></span> <span class='ocrx_word' id='word_1_72' title='bbox 2315 1789 2616 1853; x_wconf 83' lang='lat' dir='ltr'><strong>notitiam</strong></span> <span class='ocrx_word' id='word_1_73' title='bbox 2652 1790 2821 1853; x_wconf 88' lang='lat' dir='ltr'><strong>tuam</strong></span> 
     </span>
     <span class='ocr_line' id='line_1_10' title="bbox 695 1902 2823 1985; baseline 0.001 -22"><span class='ocrx_word' id='word_1_74' title='bbox 695 1926 728 1963; x_wconf 70' lang='lat'><strong>2&gt;</strong></span> <span class='ocrx_word' id='word_1_75' title='bbox 779 1903 1040 1967; x_wconf 82' lang='lat' dir='ltr'><strong>deberet</strong></span> <span class='ocrx_word' id='word_1_76' title='bbox 1059 1921 1174 1984; x_wconf 91' lang='lat' dir='ltr'><strong>per</strong></span> <span class='ocrx_word' id='word_1_77' title='bbox 1192 1920 1308 1967; x_wconf 91' lang='lat' dir='ltr'><strong>nos</strong></span> <span class='ocrx_word' id='word_1_78' title='bbox 1332 1902 1630 1966; x_wconf 85' lang='lat' dir='ltr'><strong>festinato</strong></span> <span class='ocrx_word' id='word_1_79' title='bbox 1642 1902 1860 1966; x_wconf 84' lang='lat' dir='ltr'><strong>statim</strong></span> <span class='ocrx_word' id='word_1_80' title='bbox 1889 1903 2074 1985; x_wconf 88' lang='lat' dir='ltr'><strong>quasi</strong></span> <span class='ocrx_word' id='word_1_81' title='bbox 2102 1920 2342 1985; x_wconf 82' lang='lat' dir='ltr'><strong>magna</strong></span> <span class='ocrx_word' id='word_1_82' title='bbox 2361 1904 2473 1967; x_wconf 88' lang='lat' dir='ltr'><strong>aut</strong></span> <span class='ocrx_word' id='word_1_83' title='bbox 2489 1902 2823 1968; x_wconf 85' lang='lat' dir='ltr'><strong>metuenda</strong></span> 
     </span>
     <span class='ocr_line' id='line_1_11' title="bbox 696 2018 1800 2100; baseline 0.001 -21"><span class='ocrx_word' id='word_1_84' title='bbox 696 2040 728 2079; x_wconf 67' lang='grc' dir='ltr'><strong>ι)</strong></span> <span class='ocrx_word' id='word_1_85' title='bbox 777 2019 1070 2100; x_wconf 82' lang='lat' dir='ltr'><strong>perferri.</strong></span> <span class='ocrx_word' id='word_1_86' title='bbox 1094 2040 1129 2079; x_wconf 83' lang='lat'>»</span> <span class='ocrx_word' id='word_1_87' title='bbox 1159 2019 1506 2097; x_wconf 81' lang='lat' dir='ltr'><strong>(coustant,</strong></span> <span class='ocrx_word' id='word_1_88' title='bbox 1540 2036 1602 2098; x_wconf 92' lang='lat' dir='ltr'><strong>p.</strong></span> <span class='ocrx_word' id='word_1_89' title='bbox 1636 2018 1800 2098; x_wconf 81' lang='lat'><strong>179.)</strong></span> 
     </span>
    </p>

    <p class='ocr_par' dir='ltr' id='par_1_5' title="bbox 694 2131 2836 3250">
     <span class='ocr_line' id='line_1_12' title="bbox 781 2131 2826 2215; baseline -0.001 -16"><span class='ocrx_word' id='word_1_90' title='bbox 781 2134 965 2199; x_wconf 90' lang='lat' dir='ltr'><strong>Saint</strong></span> <span class='ocrx_word' id='word_1_91' title='bbox 993 2133 1300 2215; x_wconf 80' lang='lat' dir='ltr'><strong>Cyprien,</strong></span> <span class='ocrx_word' id='word_1_92' title='bbox 1327 2150 1585 2196; x_wconf 88' lang='lat' dir='ltr'><strong>comme</strong></span> <span class='ocrx_word' id='word_1_93' title='bbox 1623 2149 1712 2196; x_wconf 92' lang='lat' dir='ltr'><strong>on</strong></span> <span class='ocrx_word' id='word_1_94' title='bbox 1745 2131 1902 2210; x_wconf 81' lang='lat' dir='ltr'><strong>voit,</strong></span> <span class='ocrx_word' id='word_1_95' title='bbox 1932 2149 1970 2196; x_wconf 91' lang='lat' dir='ltr'><strong>a</strong></span> <span class='ocrx_word' id='word_1_96' title='bbox 2005 2150 2121 2196; x_wconf 86' lang='lat' dir='ltr'><strong>cru</strong></span> <span class='ocrx_word' id='word_1_97' title='bbox 2162 2132 2431 2213; x_wconf 83' lang='lat' dir='ltr'><strong>pouvoir</strong></span> <span class='ocrx_word' id='word_1_98' title='bbox 2472 2151 2554 2197; x_wconf 86' lang='lat' dir='ltr'><strong>ne</strong></span> <span class='ocrx_word' id='word_1_99' title='bbox 2587 2151 2701 2215; x_wconf 89' lang='lat' dir='ltr'><strong>pas</strong></span> <span class='ocrx_word' id='word_1_100' title='bbox 2732 2134 2826 2197; x_wconf 88' lang='lat' dir='ltr'><strong>in·</strong></span> 
     </span>
     <span class='ocr_line' id='line_1_13' title="bbox 694 2247 2828 2330; baseline -0.002 -16"><span class='ocrx_word' id='word_1_101' title='bbox 694 2251 944 2314; x_wconf 88' lang='lat' dir='ltr'><strong>former</strong></span> <span class='ocrx_word' id='word_1_102' title='bbox 969 2250 1041 2312; x_wconf 79' lang='lat' dir='ltr'><strong>de</strong></span> <span class='ocrx_word' id='word_1_103' title='bbox 1058 2250 1223 2312; x_wconf 80' lang='lat' dir='ltr'><strong>suite</strong></span> <span class='ocrx_word' id='word_1_104' title='bbox 1256 2248 1565 2330; x_wconf 78' lang='lat' dir='ltr'><strong>(festinato</strong></span> <span class='ocrx_word' id='word_1_105' title='bbox 1589 2248 1830 2326; x_wconf 90' lang='lat' dir='ltr'><strong>statim)</strong></span> <span class='ocrx_word' id='word_1_106' title='bbox 1849 2247 1910 2311; x_wconf 91' lang='lat' dir='ltr'><strong>le</strong></span> <span class='ocrx_word' id='word_1_107' title='bbox 1932 2247 2325 2330; x_wconf 72' lang='lat' dir='ltr'><strong>Saint-Siege</strong></span> <span class='ocrx_word' id='word_1_108' title='bbox 2345 2248 2424 2312; x_wconf 92' lang='lat' dir='ltr'><strong>de</strong></span> <span class='ocrx_word' id='word_1_109' title='bbox 2442 2248 2653 2330; x_wconf 80' lang='lat' dir='ltr'><strong>cequi</strong></span> <span class='ocrx_word' id='word_1_110' title='bbox 2673 2248 2828 2312; x_wconf 83' lang='lat' dir='ltr'><strong>avait</strong></span> 
     </span>
     <span class='ocr_line' id='line_1_14' title="bbox 694 2363 2828 2446; baseline -0.001 -16"><span class='ocrx_word' id='word_1_111' title='bbox 694 2366 799 2431; x_wconf 73' lang='lat' dir='ltr'><strong>ete</strong></span> <span class='ocrx_word' id='word_1_112' title='bbox 822 2365 939 2429; x_wconf 85' lang='lat' dir='ltr'><strong>fait</strong></span> <span class='ocrx_word' id='word_1_113' title='bbox 970 2382 1054 2428; x_wconf 87' lang='lat' dir='ltr'><strong>en</strong></span> <span class='ocrx_word' id='word_1_114' title='bbox 1085 2363 1327 2446; x_wconf 71' lang='lat' dir='ltr'><strong>synode</strong></span> <span class='ocrx_word' id='word_1_115' title='bbox 1346 2380 1429 2426; x_wconf 88' lang='lat' dir='ltr'><strong>au</strong></span> <span class='ocrx_word' id='word_1_116' title='bbox 1447 2365 1616 2443; x_wconf 88' lang='lat' dir='ltr'><strong>sujet</strong></span> <span class='ocrx_word' id='word_1_117' title='bbox 1632 2363 1711 2427; x_wconf 88' lang='lat' dir='ltr'><strong>de</strong></span> <span class='ocrx_word' id='word_1_118' title='bbox 1732 2363 2064 2442; x_wconf 80' lang='lat' dir='ltr'><strong>Fortunat,</strong></span> <span class='ocrx_word' id='word_1_119' title='bbox 2089 2382 2277 2445; x_wconf 90' lang='lat' dir='ltr'><strong>parce</strong></span> <span class='ocrx_word' id='word_1_120' title='bbox 2301 2383 2426 2446; x_wconf 87' lang='lat' dir='ltr'><strong>que</strong></span> <span class='ocrx_word' id='word_1_121' title='bbox 2445 2366 2607 2429; x_wconf 85' lang='lat' dir='ltr'><strong>cette</strong></span> <span class='ocrx_word' id='word_1_122' title='bbox 2625 2365 2828 2429; x_wconf 82' lang='lat' dir='ltr'><strong>affaire</strong></span> 
     </span>
     <span class='ocr_line' id='line_1_15' title="bbox 700 2477 2828 2562; baseline -0.002 -18"><span class='ocrx_word' id='word_1_123' title='bbox 700 2481 919 2545; x_wconf 77' lang='lat' dir='ltr'><strong>n&#39;etait</strong></span> <span class='ocrx_word' id='word_1_124' title='bbox 963 2497 1076 2561; x_wconf 91' lang='lat' dir='ltr'><strong>pas</strong></span> <span class='ocrx_word' id='word_1_125' title='bbox 1112 2479 1191 2542; x_wconf 93' lang='lat' dir='ltr'><strong>de</strong></span> <span class='ocrx_word' id='word_1_126' title='bbox 1218 2480 1410 2543; x_wconf 87' lang='lat' dir='ltr'><strong>celles</strong></span> <span class='ocrx_word' id='word_1_127' title='bbox 1438 2479 1579 2559; x_wconf 93' lang='lat' dir='ltr'><strong>qui,</strong></span> <span class='ocrx_word' id='word_1_128' title='bbox 1619 2477 1658 2541; x_wconf 78' lang='lat' dir='ltr'><strong>a</strong></span> <span class='ocrx_word' id='word_1_129' title='bbox 1692 2495 1883 2542; x_wconf 85' lang='lat' dir='ltr'><strong>cause</strong></span> <span class='ocrx_word' id='word_1_130' title='bbox 1920 2477 1998 2542; x_wconf 87' lang='lat' dir='ltr'><strong>de</strong></span> <span class='ocrx_word' id='word_1_131' title='bbox 2032 2478 2179 2543; x_wconf 88' lang='lat' dir='ltr'><strong>leur</strong></span> <span class='ocrx_word' id='word_1_132' title='bbox 2205 2479 2608 2561; x_wconf 81' lang='lat' dir='ltr'><strong>importance</strong></span> <span class='ocrx_word' id='word_1_133' title='bbox 2641 2477 2828 2562; x_wconf 86' lang='lat' dir='ltr'><strong>(quasi</strong></span> 
     </span>
     <span class='ocr_line' id='line_1_16' title="bbox 701 2592 2832 2677; baseline 0 -19"><span class='ocrx_word' id='word_1_134' title='bbox 701 2613 945 2676; x_wconf 82' lang='lat' dir='ltr'><strong>magna</strong></span> <span class='ocrx_word' id='word_1_135' title='bbox 974 2597 1091 2658; x_wconf 91' lang='lat' dir='ltr'><strong>aut</strong></span> <span class='ocrx_word' id='word_1_136' title='bbox 1113 2593 1509 2672; x_wconf 89' lang='lat' dir='ltr'><strong>metuenda),</strong></span> <span class='ocrx_word' id='word_1_137' title='bbox 1548 2592 1810 2656; x_wconf 80' lang='lat' dir='ltr'><strong>doivent</strong></span> <span class='ocrx_word' id='word_1_138' title='bbox 1833 2593 1967 2657; x_wconf 73' lang='lat' dir='ltr'><strong>etre</strong></span> <span class='ocrx_word' id='word_1_139' title='bbox 2004 2594 2535 2677; x_wconf 76' lang='lat' dir='ltr'><strong>communiquees</strong></span> <span class='ocrx_word' id='word_1_140' title='bbox 2564 2613 2653 2659; x_wconf 88' lang='lat' dir='ltr'><strong>au</strong></span> <span class='ocrx_word' id='word_1_141' title='bbox 2683 2600 2832 2675; x_wconf 87' lang='lat' dir='ltr'><strong>Pape</strong></span> 
     </span>
     <span class='ocr_line' id='line_1_17' title="bbox 697 2708 2829 2790; baseline 0 -18"><span class='ocrx_word' id='word_1_142' title='bbox 697 2727 852 2772; x_wconf 87' lang='lat' dir='ltr'><strong>sans</strong></span> <span class='ocrx_word' id='word_1_143' title='bbox 882 2708 1122 2772; x_wconf 86' lang='lat' dir='ltr'><strong>retard.</strong></span> <span class='ocrx_word' id='word_1_144' title='bbox 1146 2713 1320 2771; x_wconf 88' lang='lat' dir='ltr'><strong>Donc</strong></span> <span class='ocrx_word' id='word_1_145' title='bbox 1338 2708 1509 2771; x_wconf 89' lang='lat' dir='ltr'><strong>saint</strong></span> <span class='ocrx_word' id='word_1_146' title='bbox 1532 2708 1804 2789; x_wconf 80' lang='lat' dir='ltr'><strong>Cyprien</strong></span> <span class='ocrx_word' id='word_1_147' title='bbox 1833 2708 2079 2788; x_wconf 85' lang='lat' dir='ltr'><strong>pensait</strong></span> <span class='ocrx_word' id='word_1_148' title='bbox 2096 2708 2291 2790; x_wconf 88' lang='lat' dir='ltr'><strong>qu&#39;on</strong></span> <span class='ocrx_word' id='word_1_149' title='bbox 2316 2708 2529 2772; x_wconf 87' lang='lat' dir='ltr'><strong>devait</strong></span> <span class='ocrx_word' id='word_1_150' title='bbox 2545 2726 2829 2772; x_wconf 87' lang='lat' dir='ltr'><strong>commu-</strong></span> 
     </span>
     <span class='ocr_line' id='line_1_18' title="bbox 702 2824 2833 2917; baseline -0 -29"><span class='ocrx_word' id='word_1_151' title='bbox 702 2825 964 2906; x_wconf 87' lang='lat' dir='ltr'><strong>niquer,</strong></span> <span class='ocrx_word' id='word_1_152' title='bbox 988 2826 1051 2888; x_wconf 90' lang='lat' dir='ltr'><strong>et</strong></span> <span class='ocrx_word' id='word_1_153' title='bbox 1079 2824 1580 2906; x_wconf 89' lang='lat' dir='ltr'><strong>communiquer</strong></span> <span class='ocrx_word' id='word_1_154' title='bbox 1608 2841 1757 2888; x_wconf 90' lang='lat' dir='ltr'><strong>sans</strong></span> <span class='ocrx_word' id='word_1_155' title='bbox 1787 2825 2029 2904; x_wconf 89' lang='lat' dir='ltr'><strong>retard,</strong></span> <span class='ocrx_word' id='word_1_156' title='bbox 2070 2844 2156 2888; x_wconf 91' lang='lat' dir='ltr'><strong>au</strong></span> <span class='ocrx_word' id='word_1_157' title='bbox 2196 2824 2439 2888; x_wconf 82' lang='lat' dir='ltr'><strong>Pontife</strong></span> <span class='ocrx_word' id='word_1_158' title='bbox 2468 2825 2724 2917; x_wconf 89' lang='lat' dir='ltr'><strong>romain</strong></span> <span class='ocrx_word' id='word_1_159' title='bbox 2750 2824 2833 2887; x_wconf 89' lang='lat' dir='ltr'><strong>les</strong></span> 
     </span>
     <span class='ocr_line' id='line_1_19' title="bbox 705 2937 2836 3022; baseline -0.001 -17"><span class='ocrx_word' id='word_1_160' title='bbox 705 2937 966 3004; x_wconf 80' lang='lat' dir='ltr'><strong>affaires</strong></span> <span class='ocrx_word' id='word_1_161' title='bbox 986 2938 1429 3019; x_wconf 80' lang='lat' dir='ltr'><strong>importanteS.</strong></span> <span class='ocrx_word' id='word_1_162' title='bbox 1458 2939 1619 3001; x_wconf 85' lang='lat' dir='ltr'><strong>C&#39;est</strong></span> <span class='ocrx_word' id='word_1_163' title='bbox 1638 2956 1709 3002; x_wconf 90' lang='lat' dir='ltr'><strong>ce</strong></span> <span class='ocrx_word' id='word_1_164' title='bbox 1738 2940 2193 3022; x_wconf 86' lang='lat' dir='ltr'><strong>qu’indiquent</strong></span> <span class='ocrx_word' id='word_1_165' title='bbox 2219 2957 2450 3004; x_wconf 87' lang='lat' dir='ltr'><strong>encore</strong></span> <span class='ocrx_word' id='word_1_166' title='bbox 2478 2940 2572 3004; x_wconf 92' lang='lat' dir='ltr'><strong>les</strong></span> <span class='ocrx_word' id='word_1_167' title='bbox 2602 2940 2836 3022; x_wconf 91' lang='lat' dir='ltr'><strong>paroles</strong></span> 
     </span>
     <span class='ocr_line' id='line_1_20' title="bbox 698 3051 2835 3134; baseline -0.002 -15"><span class='ocrx_word' id='word_1_168' title='bbox 698 3055 995 3119; x_wconf 83' lang='lat' dir='ltr'><strong>suivante</strong></span> <span class='ocrx_word' id='word_1_169' title='bbox 1015 3052 1151 3116; x_wconf 91' lang='lat' dir='ltr'><strong>sdu</strong></span> <span class='ocrx_word' id='word_1_170' title='bbox 1162 3051 1377 3115; x_wconf 73' lang='lat' dir='ltr'><strong>meme</strong></span> <span class='ocrx_word' id='word_1_171' title='bbox 1389 3053 1654 3116; x_wconf 86' lang='lat' dir='ltr'><strong>saintau</strong></span> <span class='ocrx_word' id='word_1_172' title='bbox 1680 3072 1838 3134; x_wconf 89' lang='lat' dir='ltr'><strong>pape</strong></span> <span class='ocrx_word' id='word_1_173' title='bbox 1862 3055 2034 3117; x_wconf 87' lang='lat' dir='ltr'><strong>saint</strong></span> <span class='ocrx_word' id='word_1_174' title='bbox 2045 3055 2358 3119; x_wconf 90' lang='lat' dir='ltr'><strong>Corneille</strong></span> <span class='ocrx_word' id='word_1_175' title='bbox 2382 3073 2399 3117; x_wconf 73' lang='grc' dir='ltr'><strong><em>ε</em></strong></span> <span class='ocrx_word' id='word_1_176' title='bbox 2431 3076 2466 3115; x_wconf 84' lang='lat'>«</span> <span class='ocrx_word' id='word_1_177' title='bbox 2489 3059 2575 3118; x_wconf 91' lang='lat' dir='ltr'><strong>De</strong></span> <span class='ocrx_word' id='word_1_178' title='bbox 2590 3054 2707 3118; x_wconf 84' lang='lat' dir='ltr'><strong>hoo</strong></span> <span class='ocrx_word' id='word_1_179' title='bbox 2728 3052 2835 3117; x_wconf 87' lang='lat' dir='ltr'><strong>tihi</strong></span> 
     </span>
     <span class='ocr_line' id='line_1_21' title="bbox 701 3168 2828 3250; baseline -0.002 -19"><span class='ocrx_word' id='word_1_180' title='bbox 701 3193 732 3231; x_wconf 81' lang='lat'><strong>›&gt;</strong></span> <span class='ocrx_word' id='word_1_181' title='bbox 764 3188 897 3235; x_wconf 92' lang='lat' dir='ltr'><strong>non</strong></span> <span class='ocrx_word' id='word_1_182' title='bbox 919 3169 1326 3250; x_wconf 86' lang='lat' dir='ltr'><strong>scripseram,</strong></span> <span class='ocrx_word' id='word_1_183' title='bbox 1348 3168 1754 3250; x_wconf 83' lang='lat' dir='ltr'><strong>quandohaeo</strong></span> <span class='ocrx_word' id='word_1_184' title='bbox 1774 3168 1996 3232; x_wconf 90' lang='lat' dir='ltr'><strong>omnia</strong></span> <span class='ocrx_word' id='word_1_185' title='bbox 2010 3171 2568 3234; x_wconf 84' lang='lat' dir='ltr'><strong>contemnantura</strong></span> <span class='ocrx_word' id='word_1_186' title='bbox 2583 3168 2784 3233; x_wconf 91' lang='lat' dir='ltr'><strong>nobis.</strong></span> <span class='ocrx_word' id='word_1_187' title='bbox 2799 3189 2828 3226; x_wconf 72' lang='lat' dir='ltr'>n</span> 
     </span>
    </p>

    <p class='ocr_par' dir='ltr' id='par_1_6' title="bbox 697 3282 2839 3710">
     <span class='ocr_line' id='line_1_22' title="bbox 780 3282 2839 3368; baseline -0.002 -19"><span class='ocrx_word' id='word_1_188' title='bbox 780 3290 863 3349; x_wconf 88' lang='lat' dir='ltr'><strong>Le</strong></span> <span class='ocrx_word' id='word_1_189' title='bbox 888 3286 1114 3349; x_wconf 83' lang='lat' dir='ltr'><strong>savant</strong></span> <span class='ocrx_word' id='word_1_190' title='bbox 1137 3285 1249 3348; x_wconf 87' lang='lat' dir='ltr'><strong>Ch.</strong></span> <span class='ocrx_word' id='word_1_191' title='bbox 1303 3284 1479 3349; x_wconf 85' lang='lat' dir='ltr'><strong>Wolf</strong></span> <span class='ocrx_word' id='word_1_192' title='bbox 1522 3300 1688 3348; x_wconf 89' lang='lat' dir='ltr'><strong>nous</strong></span> <span class='ocrx_word' id='word_1_193' title='bbox 1736 3285 1967 3349; x_wconf 85' lang='lat' dir='ltr'><strong>avertit</strong></span> <span class='ocrx_word' id='word_1_194' title='bbox 2009 3303 2136 3368; x_wconf 91' lang='lat' dir='ltr'><strong>que</strong></span> <span class='ocrx_word' id='word_1_195' title='bbox 2180 3285 2274 3350; x_wconf 90' lang='lat' dir='ltr'><strong>les</strong></span> <span class='ocrx_word' id='word_1_196' title='bbox 2328 3285 2551 3349; x_wconf 89' lang='lat' dir='ltr'><strong>lettres</strong></span> <span class='ocrx_word' id='word_1_197' title='bbox 2575 3285 2651 3349; x_wconf 90' lang='lat' dir='ltr'><strong>de</strong></span> <span class='ocrx_word' id='word_1_198' title='bbox 2673 3282 2839 3348; x_wconf 86' lang='lat' dir='ltr'><strong>saint</strong></span> 
     </span>
     <span class='ocr_line' id='line_1_23' title="bbox 702 3398 2829 3480; baseline 0 -19"><span class='ocrx_word' id='word_1_199' title='bbox 702 3398 974 3479; x_wconf 74' lang='lat' dir='ltr'><strong>Cyprien</strong></span> <span class='ocrx_word' id='word_1_200' title='bbox 1003 3399 1234 3461; x_wconf 84' lang='lat' dir='ltr'><strong>offrent</strong></span> <span class='ocrx_word' id='word_1_201' title='bbox 1279 3398 1359 3462; x_wconf 92' lang='lat' dir='ltr'><strong>de</strong></span> <span class='ocrx_word' id='word_1_202' title='bbox 1385 3399 1748 3462; x_wconf 85' lang='lat' dir='ltr'><strong>nombreux</strong></span> <span class='ocrx_word' id='word_1_203' title='bbox 1768 3400 2093 3480; x_wconf 88' lang='lat' dir='ltr'><strong>exemples</strong></span> <span class='ocrx_word' id='word_1_204' title='bbox 2137 3400 2215 3464; x_wconf 90' lang='lat' dir='ltr'><strong>de</strong></span> <span class='ocrx_word' id='word_1_205' title='bbox 2241 3418 2345 3464; x_wconf 81' lang='lat' dir='ltr'><strong>ees</strong></span> <span class='ocrx_word' id='word_1_206' title='bbox 2388 3403 2589 3463; x_wconf 85' lang='lat' dir='ltr'><strong>sortes</strong></span> <span class='ocrx_word' id='word_1_207' title='bbox 2624 3398 2701 3462; x_wconf 90' lang='lat' dir='ltr'><strong>de</strong></span> <span class='ocrx_word' id='word_1_208' title='bbox 2730 3415 2829 3461; x_wconf 86' lang='lat' dir='ltr'><strong>re-</strong></span> 
     </span>
     <span class='ocr_line' id='line_1_24' title="bbox 698 3511 2834 3596; baseline -0 -21"><span class='ocrx_word' id='word_1_209' title='bbox 698 3528 890 3575; x_wconf 87' lang='lat' dir='ltr'><strong>oours</strong></span> <span class='ocrx_word' id='word_1_210' title='bbox 915 3530 1000 3574; x_wconf 91' lang='lat' dir='ltr'><strong>au</strong></span> <span class='ocrx_word' id='word_1_211' title='bbox 1017 3511 1263 3575; x_wconf 87' lang='lat' dir='ltr'><strong>Pontife</strong></span> <span class='ocrx_word' id='word_1_212' title='bbox 1292 3513 1547 3576; x_wconf 85' lang='lat' dir='ltr'><strong>romain</strong></span> <span class='ocrx_word' id='word_1_213' title='bbox 1581 3531 1597 3574; x_wconf 90' lang='lat'><strong>:</strong></span> <span class='ocrx_word' id='word_1_214' title='bbox 1634 3514 1825 3577; x_wconf 78' lang='lat' dir='ltr'><strong>etiam</strong></span> <span class='ocrx_word' id='word_1_215' title='bbox 1867 3514 2174 3595; x_wconf 79' lang='lat' dir='ltr'><strong>Cypriani</strong></span> <span class='ocrx_word' id='word_1_216' title='bbox 2207 3516 2483 3596; x_wconf 75' lang='lat' dir='ltr'><strong>epistoloe</strong></span> <span class='ocrx_word' id='word_1_217' title='bbox 2513 3513 2834 3579; x_wconf 73' lang='lat' dir='ltr'><strong>abundant</strong></span> 
     </span>
     <span class='ocr_line' id='line_1_25' title="bbox 697 3626 1987 3710; baseline 0.002 -20"><span class='ocrx_word' id='word_1_218' title='bbox 697 3627 979 3691; x_wconf 81' lang='lat' dir='ltr'><strong>romanis</strong></span> <span class='ocrx_word' id='word_1_219' title='bbox 1017 3626 1441 3691; x_wconf 81' lang='lat' dir='ltr'><strong>relationibus.</strong></span> <span class='ocrx_word' id='word_1_220' title='bbox 1479 3630 1572 3706; x_wconf 87' lang='lat' dir='ltr'><strong>(T.</strong></span> <span class='ocrx_word' id='word_1_221' title='bbox 1607 3632 1684 3706; x_wconf 86' lang='lat' dir='ltr'><strong>V,</strong></span> <span class='ocrx_word' id='word_1_222' title='bbox 1715 3647 1780 3710; x_wconf 90' lang='lat' dir='ltr'><strong>p.</strong></span> <span class='ocrx_word' id='word_1_223' title='bbox 1821 3632 1987 3709; x_wconf 84' lang='lat'><strong>336.)</strong></span> 
     </span>
    </p>
   </div>
   <div class='ocr_carea' id='block_1_3' title="bbox 1549 4007 1982 4081">
    <p class='ocr_par' dir='ltr' id='par_1_7' title="bbox 1549 4007 1982 4081">
     <span class='ocr_line' id='line_1_26' title="bbox 1549 4007 1982 4081; baseline 0.005 -3"><span class='ocrx_word' id='word_1_224' title='bbox 1549 4019 1654 4079; x_wconf 78' lang='lat' dir='ltr'><strong>lV⁸</strong></span> <span class='ocrx_word' id='word_1_225' title='bbox 1698 4007 1982 4081; x_wconf 80' lang='lat' dir='ltr'><strong>SIECLE.</strong></span> 
     </span>
    </p>
   </div>
   <div class='ocr_carea' id='block_1_4' title="bbox 689 4318 2845 4523">
    <p class='ocr_par' dir='ltr' id='par_1_8' title="bbox 689 4318 2845 4523">
     <span class='ocr_line' id='line_1_27' title="bbox 774 4318 2845 4406; baseline 0.002 -27"><span class='ocrx_word' id='word_1_226' title='bbox 774 4318 983 4392; x_wconf 85' lang='lat' dir='ltr'><strong>Quant</strong></span> <span class='ocrx_word' id='word_1_227' title='bbox 1030 4334 1156 4381; x_wconf 84' lang='lat' dir='ltr'><strong>aux</strong></span> <span class='ocrx_word' id='word_1_228' title='bbox 1201 4320 1407 4401; x_wconf 89' lang='lat' dir='ltr'><strong>temps</strong></span> <span class='ocrx_word' id='word_1_229' title='bbox 1461 4320 1575 4402; x_wconf 90' lang='lat' dir='ltr'><strong>qui</strong></span> <span class='ocrx_word' id='word_1_230' title='bbox 1624 4321 1882 4386; x_wconf 87' lang='lat' dir='ltr'><strong>suivent</strong></span> <span class='ocrx_word' id='word_1_231' title='bbox 1923 4324 2093 4387; x_wconf 88' lang='lat' dir='ltr'><strong>saint</strong></span> <span class='ocrx_word' id='word_1_232' title='bbox 2143 4323 2453 4406; x_wconf 72' lang='lat' dir='ltr'><strong>Cyprien,</strong></span> <span class='ocrx_word' id='word_1_233' title='bbox 2495 4322 2697 4391; x_wconf 89' lang='lat' dir='ltr'><strong>Mansi</strong></span> <span class='ocrx_word' id='word_1_234' title='bbox 2752 4338 2845 4385; x_wconf 90' lang='lat' dir='ltr'><strong>ne</strong></span> 
     </span>
     <span class='ocr_line' id='line_1_28' title="bbox 689 4430 2840 4523; baseline 0.004 -31"><span class='ocrx_word' id='word_1_235' title='bbox 689 4430 904 4493; x_wconf 86' lang='lat' dir='ltr'><strong>craint</strong></span> <span class='ocrx_word' id='word_1_236' title='bbox 933 4448 1045 4511; x_wconf 89' lang='lat' dir='ltr'><strong>pas</strong></span> <span class='ocrx_word' id='word_1_237' title='bbox 1061 4431 1140 4495; x_wconf 90' lang='lat' dir='ltr'><strong>de</strong></span> <span class='ocrx_word' id='word_1_238' title='bbox 1172 4432 1311 4497; x_wconf 89' lang='lat' dir='ltr'><strong>dire</strong></span> <span class='ocrx_word' id='word_1_239' title='bbox 1353 4433 1742 4500; x_wconf 84' lang='lat' dir='ltr'><strong>hautement</strong></span> <span class='ocrx_word' id='word_1_240' title='bbox 1777 4455 1794 4499; x_wconf 91' lang='lat'>:</span> <span class='ocrx_word' id='word_1_241' title='bbox 1846 4460 1878 4498; x_wconf 82' lang='grc'>«</span> <span class='ocrx_word' id='word_1_242' title='bbox 1908 4439 2051 4502; x_wconf 87' lang='lat' dir='ltr'><strong>Post</strong></span> <span class='ocrx_word' id='word_1_243' title='bbox 2082 4441 2380 4505; x_wconf 85' lang='lat' dir='ltr'><strong>sanctum</strong></span> <span class='ocrx_word' id='word_1_244' title='bbox 2393 4440 2840 4523; x_wconf 72' lang='lat' dir='ltr'><strong>cyprianum,</strong></span> 
     </span>
    </p>
   </div>
   <div class='ocr_carea' id='block_1_5' title="bbox 604 4547 2847 4639">
    <p class='ocr_par' dir='ltr' id='par_1_9' title="bbox 604 4505 2980 4639">
     <span class='ocr_line' id='line_1_29' title="bbox 604 4547 2847 4639; baseline 0.005 -34"><span class='ocrx_word' id='word_1_245' title='bbox 604 4623 609 4629; x_wconf 27' lang='grc'>,</span> <span class='ocrx_word' id='word_1_246' title='bbox 689 4566 721 4605; x_wconf 69' lang='lat' dir='ltr'><strong>n</strong></span> <span class='ocrx_word' id='word_1_247' title='bbox 758 4547 906 4611; x_wconf 81' lang='lat' dir='ltr'><strong>volo</strong></span> <span class='ocrx_word' id='word_1_248' title='bbox 934 4547 1220 4613; x_wconf 83' lang='lat' dir='ltr'><strong>indicent</strong></span> <span class='ocrx_word' id='word_1_249' title='bbox 1262 4549 1429 4613; x_wconf 86' lang='lat' dir='ltr'><strong>mihi</strong></span> <span class='ocrx_word' id='word_1_250' title='bbox 1469 4549 1840 4617; x_wconf 83' lang='lat' dir='ltr'><strong>heterodoxi</strong></span> <span class='ocrx_word' id='word_1_251' title='bbox 1886 4555 2247 4637; x_wconf 81' lang='lat' dir='ltr'><strong>scriptoreS,</strong></span> <span class='ocrx_word' id='word_1_252' title='bbox 2302 4556 2357 4620; x_wconf 90' lang='lat' dir='ltr'><strong>si</strong></span> <span class='ocrx_word' id='word_1_253' title='bbox 2400 4555 2555 4639; x_wconf 91' lang='lat' dir='ltr'><strong>quid</strong></span> <span class='ocrx_word' id='word_1_254' title='bbox 2596 4552 2847 4618; x_wconf 84' lang='lat' dir='ltr'><strong>incidit</strong></span> 
     </span>
    </p>
   </div>
  </div>
 </body>
</html>
