3038 5623
613 828 753 896 262
1319 831 1709 897 'ramsn‘ssnz
1756 849 2031 897 marm.

555 1002 563 1009 ·
607 1012 638 1050 n
672 991 814 1054 acta
838 989 1078 1055 fuerint
1105 1007 1180 1054 ac
1204 989 1516 1067 diffinita,
1553 991 1775 1055 nostro
1809 992 2182 1072 praesulatui
2211 994 2542 1075 gestorum
2581 995 2737 1058 serie

605 1125 636 1163 n
669 1104 1123 1167 incunctanter
1157 1104 1568 1185 significetis:
1600 1105 1675 1169 ut
1704 1105 1757 1169 si
1786 1124 1863 1169 ea
1888 1106 2157 1186 ,iustitiae
2186 1107 2735 1188 pulchritudine...

602 1244 630 1278 »
664 1218 945 1283 diffinita
988 1219 1519 1300 perspexirirnuS,
1567 1224 1689 1284 Deo
1736 1220 2164 1302 omnipotenti
2210 1222 2448 1302 gratias
2500 1223 2734 1287 refera-

605 1357 639 1395 »
671 1351 850 1412 mus3
874 1334 927 1397 si
948 1351 1102 1397 vero
1124 1334 1482 1415 injustitiae,
1497 1335 1666 1418 quod
1690 1337 1919 1399 nolum
1930 1354 2024 1411 uS,
2043 1338 2107 1400 et
2121 1337 2591 1401 contrarietatis
2611 1338 2739 1401 fue-

603 1470 635 1508 »
666 1449 803 1512 rint
829 1450 969 1512 acta
998 1449 1388 1528 intentione,
1423 1467 1498 1513 ea
1528 1466 1842 1515 renovare
1875 1467 2287 1532 summopere
2310 1453 2684 1533 jubeamus.
2706 1474 2733 1511 n

609 1563 959 1642 (Sirmond,
990 1563 1038 1626 t.
1068 1568 1168 1640 ΙΙΙ,
1205 1582 1268 1645 p.
1300 1569 1464 1644 197.)

685 1680 838 1742 L'an
869 1686 1009 1753 863,
1048 1678 1109 1742 le
1139 1679 1352 1745 meme
1382 1697 1543 1761 pape
1572 1680 1820 1745 Nicolas
1843 1684 1923 1742 1..
1960 1680 2203 1762 repond
2235 1680 2399 1764 ainsi
2434 1700 2559 1745 aux
2587 1675 2736 1746 Eve-

604 1812 765 1874 ques
798 1793 912 1875 qui
945 1793 1199 1857 avaient
1228 1793 1460 1876 depose
1493 1794 1797 1873 Rothade,
1830 1795 2070 1879 eveque
2109 1795 2189 1861 dc
2228 1797 2544 1874 SoissonS,
2587 1798 2740 1861 dans

608 1910 670 1973 le
700 1909 943 1973 concile
976 1907 1055 1971 de
1084 1909 1334 1973 Senlis:

699 2047 729 2084 α
740 2024 1057 2100 Quoniam
1075 2042 1151 2088 ex
1166 2041 1409 2102 amore,
1426 2023 1788 2088 secundum
1802 2023 2326 2090 constitutionem
2343 2028 2691 2108 maiorum.
2702 2073 2716 2090 .
2727 2074 2741 2089 .

609 2165 638 2199 »
671 2158 804 2203 non
835 2139 1049 2203 solum
1080 2139 1160 2203 de
1187 2140 1495 2204 omnibus
1525 2158 1672 2222 quae
1696 2142 1974 2220 possunt
2001 2141 2285 2224 aliquam
2320 2142 2609 2223 recipere
2637 2142 2746 2207 du-

608 2279 644 2316 »
672 2256 1051 2319 bitationem
1072 2256 1170 2319 vel
1191 2273 1675 2337 quamcumque
1697 2255 2030 2320 incurrere
2050 2258 2497 2338 quoestionem,
2519 2277 2747 2323 verum

612 2392 642 2430 n
677 2371 754 2434 de
781 2371 1026 2434 caeteris
1055 2371 1243 2452 atque
1276 2371 1633 2452 majoribus
1662 2372 1934 2453 negotiis
1960 2372 2399 2436 ecclesiasticis
2426 2391 2746 2456 exequen-

613 2508 648 2547 »
683 2485 809 2564 dis,
853 2485 934 2548 ad
969 2486 1217 2566 apicem
1251 2487 1681 2568 episcopatuS,
1722 2487 1789 2550 id
1823 2488 1918 2551 est
1949 2486 2029 2551 ad
2062 2487 2288 2569 magni
2321 2489 2489 2551 Petri
2527 2489 2749 2552 Sedem

612 2623 647 2662 >³
675 2601 908 2666 dehere
931 2618 1044 2664 vos
1071 2601 1311 2664 referre
1335 2602 1746 2683 cognoscitis,
1770 2603 2011 2666 horum
2033 2602 2357 2667 auctori...
2381 2607 2586 2667 Dec...
2617 2622 2749 2685 gra-

615 2740 644 2776 »
679 2716 922 2782 tiarum
952 2715 1370 2780 multimodas
1398 2717 1745 2781 retulimus
1772 2719 2073 2781 actiones,
2092 2740 2122 2777 n

698 2836 777 2897 Ge
801 2837 964 2912 Pape
987 2832 1296 2913 reproche
1325 2832 1576 2895 ensuite
1599 2851 1725 2896 aux
1741 2833 2026 2915 Eveques
2045 2833 2123 2896 de
2152 2852 2222 2897 ce
2241 2835 2492 2899 concile
2514 2834 2753 2899 d'avoir

617 2947 845 3029 depose
873 2945 1181 3024 Rothade,
1210 2947 1529 3028 quoiqu'il
1558 2947 1669 3011 eut
1696 2947 1838 3029 deja
1869 2949 1985 3012 fait
2012 2951 2196 3030 appel
2225 2968 2311 3013 au
2341 2950 2753 3033 Saiut-Siege,

619 3063 910 3143 ajoutant
939 3080 1090 3144 que,
1126 3060 1343 3143 quand
1382 3061 1598 3125 meme
1640 3062 1686 3127 il
1725 3063 2007 3127 n'aurait
2044 3064 2224 3145 point
2261 3066 2375 3129 fait
2409 3068 2509 3129 cet
2550 3066 2751 3148 appel,

618 3179 700 3241 ils
736 3178 1034 3242 auraient
1062 3176 1189 3254 du,
1227 3178 1423 3240 avant
1454 3176 1535 3241 de
1572 3177 1705 3242 rien
1738 3177 2055 3256 executer,
2092 3181 2445 3245 soumettre
2479 3181 2624 3245 leur
2653 3182 2758 3262 ju-

622 3294 882 3373 gement
910 3311 995 3356 au
1025 3291 1444 3375 Saint-Siege,
1475 3293 1606 3356 afiu
1636 3310 1764 3375 que
1791 3294 1852 3356 le
1879 3295 2127 3359 Pontife
2158 3295 2417 3359 romain
2450 3294 2761 3360 informat

620 3405 698 3470 de
726 3393 1046 3484 nouveau,
1077 3407 1177 3471 s’il
1203 3408 1264 3472 le
1289 3407 1541 3489 jugeait
1570 3407 1750 3484 utile,
1782 3409 1846 3471 et
1874 3409 2173 3474 nommat
2200 3408 2310 3473 des
2331 3412 2570 3493 juges:

713 3520 1019 3584 «Etiamsi
1046 3539 1385 3605 nunquam
1412 3523 1845 3601 reclamasset,
1872 3540 2345 3605 nunquamque
2371 3523 2552 3589 Sedis
2588 3542 2763 3607 apos-

623 3657 653 3695 »
689 3635 892 3700 tolicae
916 3635 1317 3699 mentionem
1342 3636 1619 3715 fecisset,
1650 3655 1688 3701 a
1713 3637 1895 3702 vobis
1927 3639 2041 3719 qui
2068 3656 2329 3702 causam
2352 3640 2497 3720 ejus
2529 3640 2768 3704 exami-

625 3774 652 3809 ι)
686 3750 911 3827 nastiS,
961 3750 1276 3814 memoria
1314 3751 1517 3814 sancti
1553 3751 1719 3814 Petri
1758 3751 2065 3815 honorari
2104 3753 2433 3829 debuerat,
2477 3756 2671 3837 atque
2701 3752 2764 3817 ei

622 3888 657 3927 >³
686 3866 991 3949 perscribi
1015 3868 1112 3944 ut,
1138 3866 1192 3930 si
1211 3866 1533 3947 judicaret
1555 3868 2005 3934 renovandum
2033 3886 2169 3934 esso
2187 3868 2544 3950 judicium,
2575 3886 2771 3936 reno-

625 4003 655 4040 »
683 3984 949 4045 varetur
977 3983 1042 4045 et
1068 3981 1247 4044 daret
1267 3980 1535 4061 judices.
1560 4003 1590 4041 »

708 4098 757 4160 11
786 4115 959 4161 casse
992 4096 1246 4162 ensuite
1274 4097 1414 4160 tout
1441 4114 1512 4162 ce
1544 4097 1828 4181 qu'avait
1856 4098 1971 4164 fait
2001 4116 2071 4164 ce
2098 4098 2365 4164 concile.
2404 4099 2773 4179 (Sirmond,

627 4214 673 4274 t.
706 4214 811 4288 111,
841 4228 904 4292 p.
934 4214 1101 4290 205.)

707 4326 921 4402 Enfin,
945 4326 1193 4389 Nicolas
1214 4331 1313 4406 10',
1337 4326 1414 4390 da
1426 4346 1498 4392 ns
1524 4346 1593 4391 sa
1612 4329 1799 4394 lettre
1819 4331 2141 4408 Quamvis,
2168 4328 2460 4393 adressee
2485 4331 2611 4395 l'an
2639 4338 2779 4393 865

627 4442 664 4505 ἐι
693 4443 838 4504 tous
876 4441 966 4503 les
1005 4439 1291 4522 Eveques
1328 4442 1405 4505 de
1441 4446 1707 4521 Franco,
1751 4446 2006 4506 montre
2044 4447 2390 4509 comment.
2413 4446 2473 4507 la
2507 4444 2782 4524 deposi-

627 4558 759 4621 tion
797 4556 950 4618 d’uu
984 4554 1233 4637 Echuc
1260 4558 1355 4621 est
1383 4576 1465 4622 au
1498 4561 1779 4638 premier
1801 4559 1950 4623 chef
1973 4578 2104 4622 unc
2135 4577 2324 4622 cause
2353 4563 2674 4643 majcure,
2713 4563 2792 4622 et
