3038 5623
425 799 724 848 CONCILE
763 803 975 849 PROV.
1037 803 1175 849 PAR
1224 803 1551 877 RAPPQRT
1598 803 1695 850 AU
1746 789 2218 851 SAINT-SHZGE.
2323 782 2460 853 341

321 940 554 1006 tholici·
579 942 879 1023 graviora
907 944 1261 1008 formident
1291 962 1329 1008 a
1357 944 1673 1009 catholico
1705 944 2034 1027 Episcop0,
2064 963 2287 1027 quam,
2318 960 2472 1010 cum

319 1057 538 1122 essent
565 1058 874 1138 haeretici,
913 1059 1419 1124 acatholicorum
1446 1061 1921 1141 imperatorum
1950 1060 2207 1142 legibus
2238 1061 2469 1124 formi-

323 1170 591 1235 dabant.
641 1177 782 1237 Non
831 1174 1006 1238 sinas
1054 1174 1178 1239 ista
1224 1174 1409 1253 fieri,
1457 1175 1720 1239 obsecro
1770 1177 1835 1239 te
1882 1193 1999 1256 per
2041 1173 2273 1239 Christi
2324 1191 2472 1238 san-

322 1286 629 1369 guinem,
664 1307 780 1369 per
816 1288 1086 1369 apostoli
1125 1289 1296 1354 Petri
1335 1290 1722 1354 memoriam
1741 1338 1763 1368 ,
1804 1289 1918 1373 qui
1960 1288 2473 1354 christianorum

320 1402 694 1484 praepositos
731 1403 1120 1485 populorum
1165 1405 1423 1469 monuit
1460 1424 1547 1469 ne
1588 1405 1908 1470 violenter
1943 1404 2365 1469 dominentur
2404 1404 2475 1467 in

320 1515 683 1581 fratres.....
723 1521 821 1582 Me
859 1537 1040 1596 sane,
1072 1519 1247 1603 quod
1286 1520 1734 1584 confitendum
1772 1521 1871 1584 est
1896 1519 2286 1583 Beatitudini
2320 1519 2473 1598 tuae,

327 1630 398 1694 in
432 1632 555 1696 isto
590 1633 1021 1716 utrorumque
1071 1633 1171 1713 (de
1204 1634 1496 1718 l'eveque
1527 1635 1607 1700 de
1637 1635 1901 1700 Fussala
1931 1636 1996 1699 et
2022 1634 2102 1699 de
2141 1652 2242 1699 ses
2273 1633 2477 1698 dioce—

321 1746 528 1826 sains)
563 1747 845 1827 periculo
876 1749 1097 1813 tantus
1124 1750 1325 1814 timor
1352 1751 1416 1815 et
1441 1768 1686 1815 moeror
1714 1750 2077 1828 excruciat,
2109 1751 2187 1813 ut
2222 1750 2305 1813 ab
2335 1749 2477 1813 offi-

320 1861 418 1925 cio
447 1862 724 1942 cogitem
750 1863 1017 1944 gerendi
1044 1863 1444 1946 episcopatus
1471 1866 1841 1943 abscedere,
1872 1865 1925 1929 si
1955 1883 2071 1946 per
2096 1883 2254 1930 eum
2284 1865 2475 1944 cuius

323 1975 719 2057 episcopatui
757 1996 874 2058 per
908 1977 1421 2059 imprudentiam
1466 1981 1858 2062 suffragatus
1903 1997 2054 2042 sum
2090 1978 2330 2043 vastari
2365 1983 2480 2043 Ec-

322 2091 590 2155 clesiam
616 2091 758 2169 Dei,
793 2093 859 2156 et
884 2092 1058 2174 quod
1086 2093 1220 2174 ipse
1247 2098 1415 2158 Deus
1447 2096 1726 2171 avertat,
1757 2095 1959 2158 etiam
1984 2112 2139 2159 cum
2164 2094 2477 2159 vastantis

322 2205 681 2286 perditione
708 2208 919 2288 perire
947 2226 1443 2290 conspexero....
1476 2210 1542 2273 si
1571 2210 1796 2273 autem
1822 2211 1886 2274 et
1913 2209 2215 2273 membra
2243 2207 2477 2274 Christi

322 2338 467 2402 quae
503 2321 575 2383 in
608 2321 721 2385 illa
754 2321 1068 2404 religione
1106 2323 1377 2386 suntab
1415 2323 1657 2387 exitiali
1689 2323 1926 2387 timore
1963 2340 2038 2387 ac
2070 2321 2327 2386 tristitia
2365 2339 2476 2386 re-

321 2437 672 2516 creaveriS‚
696 2438 761 2501 et
778 2455 996 2502 meam
1020 2438 1419 2502 senectutem
1435 2437 1560 2501 hac
1580 2438 1984 2502 misericordi
2004 2437 2254 2519 justitia
2277 2436 2478 2501 fueris

324 2553 717 2629 consolatus,
760 2553 1078 2617 retribuet
1115 2552 1267 2631 tibi,
1309 2554 1376 2617 et
1416 2552 1486 2615 in
1526 2553 1823 2633 praesenti
1870 2555 1933 2617 et
1971 2553 2041 2616 in
2081 2553 2306 2616 futura
2347 2551 2481 2614 vita

321 2665 497 2728 bona
527 2684 644 2746 pro
672 2666 883 2744 bonis,
916 2666 1031 2747 qui
1060 2682 1176 2746 per
1207 2666 1265 2728 te
1294 2664 1485 2730 nobis
1513 2666 1586 2729 in
1615 2667 1738 2730 ista
1768 2666 2191 2731 tribulatione
2221 2682 2481 2729 succur-

324 2779 445 2860 rit,
475 2782 542 2845 et
569 2781 683 2864 qui
718 2783 776 2846 te
803 2780 876 2845 in
905 2780 1015 2845 illa
1044 2780 1204 2846 Sede
1233 2780 1589 2846 constituit;
1607 2802 1643 2842 »

404 2896 582 2960 Gette
604 2896 790 2961 lettre
815 2897 992 2960 toute
1017 2896 1196 2960 seule
1220 2896 1409 2960 serait
1425 2895 1743 2961 evanouir
1760 2897 1855 2961 les
1872 2899 2167 2961 volumes
2185 2895 2265 2961 de
2295 2913 2481 2960 men·

326 3028 562 3093 songes
600 3027 728 3091 que
769 3011 862 3075 les
908 3010 1211 3075 ennemis
1255 3011 1347 3075 du
1387 3012 1793 3094 saint-Siege
1840 3014 1958 3076 ont
1997 3012 2188 3077 ecrits
2234 3029 2349 3075 sur
2384 3011 2479 3075 les

323 3125 559 3208 eglises
584 3125 938 3208 d'Afrique.
979 3127 1112 3190 Elle
1145 3127 1432 3190 oonstate
1465 3127 1561 3189 les
1592 3126 1809 3206 points
1842 3126 2178 3189 suivants:
2213 3133 2276 3187 1⁰
2304 3124 2483 3188 Saint

324 3241 651 3322 Augustin
695 3241 923 3305 trouve
969 3241 1112 3304 tout
1153 3239 1414 3304 naturel
1456 3239 1658 3321 qu'on
1703 3257 1788 3302 en
1835 3239 2082 3320 appelle
2131 3256 2217 3302 au
2260 3238 2471 3303 Saint-

326 3353 507 3437 siege
542 3354 657 3420 des
689 3357 1064 3437 ingements
1102 3354 1436 3437 synodaux
1462 3353 1821 3435 d'Afrique‚
1858 3356 1924 3418 et
1957 3353 2177 3419 attend
2218 3369 2473 3418 comme

325 3469 630 3550 supreme
666 3471 729 3533 et
761 3469 1089 3534 definitive
1119 3470 1183 3533 la
1221 3469 1523 3533 sentence
1557 3467 1648 3532 du
1677 3486 1839 3550 pape
1878 3468 2049 3533 saint
2079 3469 2350 3534 Celestin
2387 3485 2473 3533 au

326 3587 501 3665 sujet
516 3584 598 3649 de
619 3584 908 3667 l’eve‘que
928 3584 1007 3649 de
1024 3585 1322 3649 Fussala:
1342 3583 1723 3648 l'ensemble
1739 3583 1821 3647 de
1842 3584 1907 3647 la
1923 3583 2107 3648 lettre
2130 3584 2191 3647 le
2215 3584 2474 3648 montre

323 3717 482 3763 avec
515 3700 579 3763 la
612 3699 910 3765 derniere
946 3699 1277 3764 evidence.
1323 3707 1389 3760 *2⁰
1426 3699 1609 3763 Saint
1636 3699 1960 3781 Augustin
1999 3699 2179 3779 parle
2221 3716 2475 3763 comme

323 3815 426 3878 s'il
467 3813 707 3878 n'avait
743 3832 858 3895 pas
904 3814 1122 3879 meme
1163 3814 1627 3879 connaissance
1663 3814 1743 3879 de
1783 3815 1848 3877 la
1885 3814 2177 3877 fameuse
2222 3814 2474 3877 oontes-

323 3929 559 4007 tation,
600 3928 715 4011 qui
753 3930 1060 4010 pourtant
1095 3930 1267 3993 avait
1285 3929 1418 3993 lieu
1452 3946 1537 3994 en
1562 3946 1636 3993 ce
1660 3930 1957 3992 moment
1985 3927 2224 4006 meme,
2268 3926 2322 3991 si
2353 3927 2476 3992 elle

325 4060 366 4107 a
417 4042 521 4106 ete
561 4042 777 4108 reeue.
835 4050 897 4105 3⁰
938 4045 991 4107 Il
1026 4044 1313 4108 constate
1355 4061 1523 4125 pour
1561 4043 1876 4124 l'Afrique
1913 4043 1978 4105 la
2015 4042 2323 4105 coutume
2364 4040 2477 4107 des

325 4159 579 4239 appeIS,
627 4158 919 4240 lorsque,
969 4157 1259 4221 refutant
1299 4158 1463 4222 cette
1502 4157 1825 4238 objection
1866 4156 2208 4221 d’Antoine
2225 4205 2247 4237 ,
2284 4157 2384 4222 Ou
2408 4156 2478 4238 je

326 4273 455 4336 suis
483 4272 781 4354 coupable
805 4281 863 4336 et
886 4272 1022 4336 dois
1050 4277 1177 4336 ecre
1204 4279 1338 4336 tout
1366 4272 1408 4334 ἀ
1425 4272 1546 4354 fait
1569 4272 1809 4354 deposd,
1840 4291 1922 4337 ou
1935 4272 2004 4354 je
2032 4273 2161 4336 suis
2190 4272 2478 4335 innocent

328 4393 385 4449 et
418 4387 554 4451 dois
595 4387 825 4467 yorder
863 4406 1013 4451 mon
1049 4387 1209 4467 sieqe
1243 4387 1318 4450 de
1352 4387 1658 4464 Fussala,
1700 4387 1749 4450 il
1790 4387 1915 4452 cite
1958 4387 2115 4450 trois
2158 4385 2479 4465 exemples

329 4502 853 4583 contemporains
877 4500 1230 4583 d'Eveques
1254 4501 1446 4582 punis
1470 4501 1756 4584 quoique
1784 4519 1916 4566 non
1938 4500 2226 4582 ἀόροεόε,
2250 4501 2316 4564 et
2340 4498 2477 4562 cela
