3038 5623
383 788 683 836 corzcun
730 790 939 837 Pnov.
984 790 1121 838 ran
1160 790 1481 839 auron·
1513 790 1609 839 Au
1648 776 2128 840 suar-sutas.
2236 771 2376 846 288

264 932 679 1013 apostolicam
706 932 934 997 Sedem
970 934 1034 995 et
1058 932 1432 998 Pontificem
1478 936 1843 998 Romanum
1885 933 1954 998 in
1999 934 2383 999 universum

265 1048 484 1111 orbem
506 1049 728 1111 tenere
751 1048 1126 1128 primatum,
1151 1050 1213 1111 et
1230 1049 1444 1129 ipsum
1465 1053 1833 1113 Romanum
1853 1049 2228 1116 Pontificem
2249 1066 2386 1115 esse

266 1180 698 1227 successorem
726 1163 892 1227 beati
923 1163 1088 1227 Petri
1126 1163 1439 1245 principis
1466 1163 1950 1246 Apostolorum,
1981 1164 2045 1228 et
2070 1163 2387 1236 vicarium

266 1278 494 1343 Christi
524 1277 851 1359 totiusque
878 1277 1169 1342 Ecclesiae
1201 1278 1423 1359 caput,
1455 1281 1518 1342 et
1546 1278 1842 1343 omnium
1879 1276 2384 1344 christianorum
2487 1295 2495 1301 ·

264 1395 512 1477 patrem
539 1411 613 1457 ac
640 1392 963 1457 doctorem
992 1393 1286 1473 existere3
1318 1393 1383 1458 et
1404 1393 1525 1474 ipsi
1556 1394 1624 1457 in
1647 1393 1829 1458 beato
1852 1394 2034 1458 Petro
2063 1392 2386 1476 pascendi,

265 1508 528 1591 regendi
551 1509 616 1572 et
632 1508 1020 1588 yubernandi
1037 1510 1445 1573 universalem
1461 1510 1799 1574 Ecclesiam
1821 1527 1858 1573 a
1877 1509 2147 1575 Domino
2164 1510 2388 1574 Nostro

264 1629 406 1689 Jesu
434 1613 686 1688 Christo
715 1625 964 1705 plenam
978 1631 1338 1705 potestatem
1366 1624 1668 1688 traditam
1696 1641 1855 1688 esse.
1879 1645 1914 1683 ιο

345 1741 589 1804 Concile
618 1737 1067 1823 oecumenique
1090 1740 1169 1804 de
1190 1740 1444 1814 Trente‚
1478 1758 1630 1805 sess.
1656 1748 1756 1819 14,
1786 1740 2072 1822 chapitre
2100 1750 2174 1805 7:
2212 1764 2243 1802 α
2260 1745 2390 1808 Me·-

275 1854 391 1918 rito
415 1855 750 1919 Pontifices
777 1854 1068 1933 maximi,
1089 1872 1213 1935 pro
1238 1845 1534 1936 suprema
1541 1841 1847 1936 potestate
1869 1855 1989 1919 sibi
2015 1857 2084 1919 in
2109 1857 2389 1922 Ecclesia

271 1970 551 2034 universa
580 1968 841 2042 tradita,
874 1986 1098 2032 causas
1124 1969 1369 2051 aliquas
1396 1969 1753 2034 criminum
1781 1969 2108 2051 graviores
2134 1987 2251 2034 suo
2279 1981 2388 2052 po-

262 2086 526 2149 tuerunt
554 2073 859 2166 peculiari
882 2083 1123 2165 judicio
1155 2101 1501 2149 reservare.
1527 2106 1558 2144 n

339 2199 491 2263 Bref
514 2198 929 2282 dogmatique
958 2198 1035 2263 de
1057 2199 1163 2264 Pie
1182 2205 1262 2265 Vl
1288 2201 1489 2282 Super
1515 2200 1826 2264 soliditate
1843 2220 1868 2262 .·
1902 2203 2148 2281 «Super
2175 2196 2389 2263 solidi-

263 2316 388 2378 tate
416 2315 619 2379 Petrae
648 2314 986 2379 fundatam
1014 2333 1051 2378 a
1083 2315 1329 2380 Christo
1357 2314 1726 2394 Ecclesiam,
1757 2317 2145 2400 Petrumque
2172 2314 2392 2393 singu-

264 2432 382 2494 lari
403 2430 639 2495 Christi
664 2447 937 2494 munere
957 2448 1087 2512 prae
1107 2430 1351 2495 caeteris
1372 2431 1675 2509 electum,
1695 2430 1805 2513 qui
1832 2429 2072 2494 vicaria
2091 2429 2390 2512 potestate

267 2545 590 2628 apostolici
623 2546 806 2610 chori
828 2546 1121 2629 princeps
1144 2546 1464 2624 existeret,
1495 2545 1813 2628 totiusque
1838 2545 1995 2610 adeo
2014 2546 2225 2628 gregis
2253 2562 2393 2627 pas-

267 2662 472 2739 cendi,
507 2662 737 2725 fratres
767 2661 1221 2735 confirmandi,
1251 2661 1508 2745 totoque
1541 2662 1693 2725 orbe
1719 2659 1964 2743 ligandi
1996 2678 2070 2725 ac
2102 2660 2388 2724 solvendi

266 2794 571 2841 summam
594 2794 808 2841 curam
836 2777 1385 2858 auctoritatemque
1413 2778 1481 2840 in
1507 2787 1870 2842 successores
1902 2777 2069 2840 omni
2093 2794 2222 2842 oevo
2240 2794 2394 2858 pro·

268 2896 615 2973 royandam
645 2891 1013 2972 susciperet,
1045 2890 1279 2973 dogma
1306 2892 1695 2956 catholicum
1721 2893 1836 2957 est.
1855 2913 1885 2950 ι)

344 3011 425 3072 Le
464 3006 684 3070 meme
715 3004 888 3086 bref,
923 3009 1297 3088 rapportant
1322 3025 1392 3071 ce
1421 3007 1535 3090 qui
1572 3008 1683 3072 eut
1709 3007 1840 3072 lieu
1869 3006 2030 3070 dans
2063 3007 2121 3068 le
2158 3004 2391 3068 second

279 3124 504 3187 concile
533 3122 613 3186 de
637 3127 838 3205 Lyon,
869 3123 1206 3203 s'exprime
1235 3123 1437 3187 ainsi:
1475 3123 1705 3188 «Edita
1732 3123 1828 3187 est
1849 3126 2215 3186 Graecorum
2244 3117 2396 3183 fidei

273 3237 600 3319 professiO,
628 3255 759 3320 qua
784 3255 849 3301 se
873 3255 1320 3319 recognoscere
1343 3239 1659 3302 testantur
1677 3241 2033 3301 Romanam
2053 3233 2394 3299 Ecclesiam

274 3370 609 3416 summum
648 3352 713 3415 et
744 3353 1008 3433 plenum
1054 3352 1402 3434 primatum
1440 3352 1503 3415 et
1538 3351 1971 3434 principatum
2010 3367 2204 3432 super
2239 3348 2398 3413 uni-

274 3486 523 3531 versam
548 3467 899 3532 Ecclesiam
926 3467 1305 3532 catholicam
1333 3467 1656 3546 obtinere,
1689 3484 1969 3550 eumque
2006 3466 2087 3530 ab
2117 3466 2253 3549 ipso
2281 3469 2397 3529 Do-

279 3584 457 3647 mino
480 3585 547 3647 in
571 3583 759 3647 beato
784 3585 966 3651 Petro
983 3584 1434 3663 Apostolorum
1457 3582 1743 3665 principe
1772 3582 1904 3646 sive
1927 3582 2184 3659 vertice,
2214 3583 2399 3661 qu'us

275 3703 601 3763 Romanus
642 3699 920 3762 Pontifex
957 3698 1052 3762 est
1087 3716 1430 3777 successor,
1476 3716 1629 3762 cum
1665 3699 1987 3779 potestatis
2018 3696 2399 3778 plenitudine

275 3816 607 3898 recepisse.
632 3837 662 3873 »

352 3936 433 3995 Le
464 3930 683 3993 meme
712 3929 882 4004 bref,
916 3928 1248 4011 rappelant
1274 3929 1336 4003 la
1358 3927 1775 4009 prescription
1802 3926 1879 3991 de
1907 3925 2139 3991 Martin
2160 3929 2211 3988 V
2239 3924 2401 3991 dans

276 4048 332 4111 le
362 4046 606 4111 concile
630 4044 711 4109 de
733 4048 1105 4121 constance,
1138 4045 1472 4126 s'exprime
1502 4044 1706 4109 ainsi:
1742 4042 2178 4125 «praescripsit
2204 4042 2404 4107 inter-

277 4161 601 4243 rogandos
625 4160 738 4243 qui
767 4161 1038 4242 suspecti
1062 4162 1297 4237 essent,
1324 4162 1548 4223 utrum
1576 4159 1842 4223 credant
1864 4159 2124 4221 beatum
2140 4161 2404 4223 Petrum

279 4277 473 4340 fuisse
509 4276 828 4339 vicarium
860 4275 1090 4339 Christi
1120 4275 1464 4339 habentem
1495 4276 1866 4355 potestatem
1898 4274 2140 4356 ligandi
2175 4293 2248 4338 ac
2287 4275 2401 4338 sol·

276 4393 469 4458 vendi
502 4409 701 4472 super
733 4393 1018 4454 terram:
1058 4391 1212 4454 item
1244 4395 1479 4472 Papam
1515 4390 1818 4454 canonice
1853 4391 2128 4455 electum
2168 4408 2409 4456 succes-
