3038 5623
384 845 682 895 concmn
737 849 946 898 psov,
1000 850 1137 897 PAR
1187 850 1509 898 RAPPORT
1553 851 1651 897 Au
1702 838 2171 902 snm-snio&
2278 834 2411 903 261

363 994 445 1054 Le
473 990 686 1055 meme
712 1011 869 1074 pape
892 993 1141 1058 Nicolas
1160 999 1255 1071 ν’,
1280 993 1443 1058 dans
1474 1012 1545 1059 sa
1572 995 1759 1062 lettre
1788 1015 1913 1061 aux
1934 996 2225 1083 Eveques
2253 997 2332 1062 de
2358 999 2422 1062 la

286 1106 589 1188 province
615 1106 695 1170 de
724 1112 906 1188 Sens,
942 1110 1076 1174 l’an
1108 1117 1226 1173 860
1257 1134 1272 1173 :

371 1244 403 1281 α
421 1225 591 1286 More
627 1223 1015 1289 universalis
1041 1227 1335 1308 Ecclesiae
1370 1228 1766 1292 auctoritatis
1798 1231 2034 1294 nostrae
2070 1230 2425 1313 efflagitare

279 1359 311 1396 n
344 1337 836 1403 instructionem
863 1343 1209 1407 curastis..
1245 1347 1382 1420 Quo
1411 1344 1594 1408 vobis
1632 1345 1953 1422 eundum,
1984 1363 2193 1427 quove
2230 1345 2299 1409 in
2329 1365 2427 1410 re-

281 1475 313 1513 »
345 1454 466 1518 bus
494 1455 711 1520 dubiis
740 1458 932 1540 atque
961 1459 1032 1522 in
1060 1460 1321 1540 magnis
1349 1459 1795 1524 ecclesiasticis
1826 1461 2102 1542 negotiis
2131 1463 2296 1525 esset
2323 1480 2427 1527 ac-

282 1595 310 1629 »
343 1573 836 1637 celerandum...
865 1574 1274 1655 praevidistiS,
1301 1575 1794 1660 humilibusque
1816 1576 2173 1642 devotionis
2199 1581 2425 1644 vestrae

279 1710 311 1748 »
343 1691 635 1771 passibus
671 1690 1064 1755 cucurristis,
1109 1693 1345 1757 Contra
1382 1693 1528 1757 illos
1566 1694 1885 1762 nimirum
1923 1696 2036 1779 qui
2071 1695 2423 1760 beatissimi

282 1827 313 1865 »
341 1807 792 1891 Apostolorum
825 1807 1131 1888 principis
1155 1808 1323 1873 Petri.
1356 1812 1625 1892 ejusque
1658 1829 2102 1878 successorum
2131 1812 2434 1878 luculen-

279 1943 313 1983 »
342 1923 662 1987 tissimam
685 1923 1048 1987 doctrinam
1080 1925 1428 2009 sedemque
1459 1929 1840 2007 spernentes
1867 1945 2065 2010 quem
2091 1930 2200 1992 Dei
2222 1929 2423 1993 Filius

276 2060 309 2098 ι)
341 2038 412 2101 in
451 2042 673 2103 sancta
707 2040 986 2104 Ecclesia
1023 2058 1140 2104 sua
1177 2043 1491 2124 tanquam
1530 2043 1859 2107 luminare
1899 2046 2114 2126 majus
2156 2045 2224 2108 in
2263 2045 2422 2108 coelo

275 2176 306 2213 ι)
335 2155 691 2233 constituit,
729 2156 931 2220 veluti
965 2156 1232 2240 quidam
1270 2159 1639 2240 scorpiones
1676 2159 1964 2239 palantes
2003 2156 2313 2222 incedunt
2350 2160 2421 2224 in

276 2295 306 2331 n
339 2273 642 2352 meridie,
673 2275 736 2344 et
765 2291 915 2337 curn
946 2273 1160 2340 adhuc
1189 2273 1325 2338 dies
1353 2277 1450 2338 est
1475 2273 1703 2340 occidit
1731 2274 1824 2337 eis
1861 2275 2032 2339 sol.»
2069 2274 2417 2356 (sirmond,

275 2408 304 2446 »
338 2389 384 2451 t.
416 2393 524 2467 111,
557 2407 620 2470 p.
651 2393 816 2468 187.)
2022 2465 2026 2468 ⁴

353 2509 469 2569 Les
511 2507 679 2570 actes
719 2505 806 2570 du
845 2507 1086 2571 concile
1119 2506 1197 2571 dc
1228 2506 1538 2582 SoissonS,
1581 2505 1661 2570 de
1696 2507 1823 2570 l'an
1864 2512 2004 2584 866,
2044 2506 2265 2571 furent
2299 2526 2415 2571 en·

277 2620 467 2703 voyes
501 2639 584 2685 au
617 2639 775 2703 pape
800 2622 1050 2686 Nicolas
1075 2627 1168 2702 ν’,
1200 2624 1266 2688 et
1288 2624 1450 2687 dans
1475 2625 1537 2687 la
1563 2623 1750 2687 lettre
1774 2622 2050 2701 d'envoi‚
2082 2623 2416 2704 Hincmar‚

276 2737 678 2821 archeveque
714 2738 793 2802 dc
828 2738 1081 2813 ReimS,
1120 2739 1216 2802 dit
1250 2758 1376 2824 que
1416 2741 1517 2804 cet
1550 2740 1736 2804 envoi
1780 2739 1954 2803 avait
1991 2739 2091 2803 ete
2127 2740 2416 2804 ordonne

276 2873 389 2937 par
415 2874 487 2919 ce
517 2859 704 2937 Papc,
736 2858 799 2919 et
821 2874 946 2939 que
975 2858 1074 2919 cet
1103 2855 1293 2921 ordre
1322 2856 1410 2920 du
1440 2861 1605 2937 Pape
1636 2856 1861 2920 n’etait
1882 2875 2009 2940 que
2038 2856 2414 2920 l'execution

274 2970 382 3035 des
417 2970 622 3035 saints
659 2988 922 3049 canonS,
957 2973 1021 3034 et
1050 2971 1224 3035 enfin
1259 2991 1383 3053 que
1415 2973 1476 3036 16
1513 2974 1630 3036 but
1665 2972 1744 3036 de
1781 2974 1881 3037 cet
1917 2973 2107 3036 envoi
2148 2972 2303 3036 etait
2333 2973 2413 3037 de

274 3087 433 3151 faire
466 3088 846 3151 corroboret·
873 3106 935 3151 ce
967 3089 1072 3170 qui
1095 3090 1442 3169 paraitrait
1468 3091 1623 3153 utile
1649 3107 1736 3152 au
1763 3090 2149 3168 saint-Sieqc
2168 3109 2192 3152 .·

362 3228 392 3263 α
410 3205 748 3269 Gestorum
779 3204 996 3268 autem
1021 3203 1255 3268 seriem
1283 3203 1361 3269 de
1389 3204 1694 3268 omnibus
1724 3221 1869 3285 quae
1898 3205 1967 3266 in
1999 3203 2273 3267 concilio
2303 3223 2407 3269 re-

268 3341 304 3378 »
336 3321 486 3399 lata,
527 3320 893 3384 examinata
926 3320 1117 3403 atque
1157 3322 1411 3401 reperta
1442 3321 1617 3397 sunt,
1655 3338 1799 3402 quae
1843 3319 2009 3383 sicut
2039 3319 2409 3385 veneranda

264 3457 304 3497 »
335 3436 587 3500 decreta
635 3436 928 3500 statuunt
968 3435 1333 3500 discretioni
1374 3436 1605 3500 vestrae
1646 3435 1836 3517 dirigi
1877 3436 2288 3517 praecepistis,
2333 3440 2410 3502 ut

260 3574 297 3611 n
332 3570 478 3635 quae
506 3552 792 3616 salubria
816 3550 1212 3616 videbuntur
1235 3531 1757 3630 corroborentur,
1791 3550 1843 3614 si
1868 3551 2031 3614 forte
2060 3552 2278 3633 aliqua
2306 3572 2409 3617 su-

257 3692 291 3727 »
332 3670 604 3748 persunt
641 3668 919 3750 epistolae
962 3667 1252 3749 synodali
1292 3686 1438 3750 quae
1477 3666 1752 3731 debeant
1791 3666 2196 3748 explanari...
2243 3687 2404 3731 con-

250 3805 290 3844 »
323 3782 621 3848 sacerdos
669 3786 885 3848 noster
929 3783 1111 3865 Egilo
1158 3782 1750 3864 archiepiscopus..
1803 3782 2109 3863 poterit...
2169 3783 2408 3863 patefa-

247 3922 284 3961 υ
320 3918 496 3965 cere.
523 3922 554 3959 a
592 3899 830 3982 (Opera
858 3899 1191 3963 Hincmari
1205 3898 1493 3979 ,edition
1524 3897 1603 3962 de
1632 3897 1935 3964 Sirmond
1954 3943 1973 3975 ,
2009 3897 2057 3960 t.
2085 3901 2171 3976 11,
2202 3916 2265 3979 p.
2298 3904 2401 3977 28,

239 4016 285 4082 ὲ
323 4017 399 4080 la
430 4017 582 4097 fin.)

332 4137 429 4197 Le
464 4132 677 4196 memo
708 4137 871 4213 Pape
902 4149 1152 4213 envoya
1182 4130 1293 4195 des
1321 4129 1547 4213 Legats
1580 4148 1741 4213 pour
1768 4129 1829 4193 le
1867 4129 2109 4194 concile
2137 4130 2214 4194 de
2242 4133 2403 4196 Metz

231 4251 328 4316 de
374 4256 529 4328 862,
564 4250 629 4313 et
657 4248 991 4331 prescrivit
1023 4249 1218 4329 qu'on
1254 4246 1350 4310 lui
1384 4247 1694 4311 transmit
1729 4264 1877 4311 sans
1913 4247 2125 4311 retard
2160 4247 2253 4311 les
2286 4247 2396 4312 de-

227 4367 451 4433 cretS.
497 4369 576 4429 Cc
616 4364 858 4429 concile
900 4363 979 4427 de
1012 4365 1172 4428 Metz
1212 4364 1313 4426 fut
1349 4363 1889 4428 solennellement
1926 4359 2292 4428 condamne
2333 4366 2400 4428 et

223 4482 439 4552 casse
466 4481 718 4546 l'aunee
747 4480 1040 4544 suivante
1068 4498 1186 4561 par
1213 4480 1272 4543 16
1306 4478 1742 4561 saint-Siege:

330 4624 372 4661 a
400 4598 760 4663 Statuimus
789 4598 1008 4662 autem
1039 4596 1115 4660 ut
1141 4598 1377 4661 cuncta
1404 4613 1547 4680 quae
1583 4591 1652 4659 in
1688 4595 1915 4662 eodem
1950 4595 2221 4661 concilio
2255 4612 2395 4676 per-
