3038 5623
626 790 767 860 238
1328 786 1717 852 ‘rammam
1766 804 2050 852 mama.

700 951 903 1033 Apres
937 949 1122 1015 avoir
1167 947 1379 1014 statue
1420 966 1535 1012 sur
1561 946 1773 1011 divers
1805 945 2045 1028 points,
2075 945 2138 1010 le
2166 945 2334 1009 saint
2361 949 2527 1026 Pape
2569 962 2638 1010 se
2666 945 2768 1010 re·

621 1085 801 1134 serve
819 1066 898 1130 de
921 1068 1115 1147 juger
1138 1064 1472 1128 lui-meme
1491 1063 1557 1126 la
1573 1080 1761 1125 cause
1784 1061 1863 1126 de
1892 1061 2142 1139 Daniel,
2163 1060 2324 1125 dont
2349 1060 2766 1125 l'ordination

619 1181 973 1263 episcopale
991 1179 1230 1244 n’avait
1253 1195 1366 1259 pas
1385 1176 1485 1240 ete
1507 1176 1876 1259 eanonique
1904 1195 1922 1240 ε

701 1319 737 1357 ε(
764 1301 842 1361 Se
865 1296 1089 1360 nostro
1106 1293 1357 1375 judicio
1375 1292 1566 1356 debet
1593 1292 1870 1372 objicere
1900 1290 1954 1354 si
1982 1290 2390 1355 conscientiae
2427 1308 2561 1355 suae
2585 1289 2767 1354 novit

618 1434 650 1471 »
682 1409 1142 1475 confidentiam
1161 1408 1421 1472 habere.
1451 1429 1487 1467 »
1510 1409 1563 1474 ll
1580 1405 1874 1488 delegue,
1889 1424 1975 1470 au
1989 1407 2335 1485 contraire,
2356 1406 2446 1469 les
2472 1397 2768 1488 Eveques

618 1526 730 1589 des
748 1525 1083 1606 provinces
1098 1523 1176 1586 de
1187 1522 1434 1586 Vienne
1457 1523 1526 1585 et
1546 1521 1627 1585 de
1656 1522 2002 1586 Narbonne
2025 1539 2194 1602 pour
2207 1524 2398 1602 juger
2422 1538 2507 1584 en
2522 1520 2766 1603 synode

614 1639 1025 1703 l'accusation
1056 1637 1270 1719 portee
1299 1639 1525 1701 contre
1547 1628 1851 1718 l’Eveque
1880 1636 1962 1699 de
1974 1636 2324 1701 Mat-seille:
2362 1658 2394 1696 (ι
2414 1635 2767 1699 Massilien-

615 1776 651 1814 ιι
683 1755 771 1819 sis
797 1773 952 1818 vero
985 1753 1267 1817 ecclesiae
1293 1751 1776 1816 Sacerdotem...
1817 1754 2027 1815 vestro
2063 1750 2465 1814 audiendum
2498 1749 2770 1832 collegio

615 1891 649 1928 »
681 1869 1077 1950 delegamus.
1104 1890 1135 1926 υ
1170 1866 1521 1948 (Sirmond,
1553 1872 1746 1931 Cone.
1774 1867 1954 1948 gall.,
1979 1868 2028 1929 t.
2058 1870 2109 1945 I,
2142 1885 2207 1946 p.
2254 1867 2378 1947 57.)

693 1985 848 2047 L'an
876 1991 1019 2062 443,
1044 1983 1350 2059 Euthere,
1377 1982 1620 2064 eveque
1665 1981 1746 2045 de
1776 1982 2063 2063 Thyane,
2105 1981 2167 2046 et
2196 1981 2490 2060 Hellade,
2518 1980 2766 2066 eveque

616 2099 696 2163 de
720 2100 991 2177 Tharse,
1014 2097 1302 2163 ecrivent
1319 2097 1484 2161 ainsi
1505 2114 1594 2160 au
1620 2114 1779 2177 pape
1806 2097 1977 2167 saint
1999 2096 2168 2162 Sixte
2191 2100 2272 2160 Ill
2300 2115 2318 2160 z
2348 2120 2379 2156 α
2397 2102 2547 2163 Haec
2563 2116 2767 2180 pauca

614 2213 693 2278 de
707 2214 1009 2295 plurimis
1029 2232 1182 2277 cum
1207 2213 1422 2275 multa
1444 2211 1929 2276 abbreviatione
1951 2213 2196 2277 conseri
2203 2213 2476 2293 psimuS,
2492 2214 2768 2280 scientes

612 2328 783 2412 quod
808 2330 1051 2393 horum
1079 2329 1407 2392 malorum
1439 2327 1743 2391 nimietas
1772 2344 1906 2390 non
1936 2327 2151 2390 solum
2176 2329 2474 2393 Jeremiae
2503 2330 2762 2395 lamen-

609 2445 965 2509 tationibus
991 2444 1188 2525 digna
1213 2444 1315 2519 sit,
1352 2442 1461 2506 sed
1491 2444 1560 2506 et
1584 2442 1960 2506 universam
1997 2442 2379 2524 tragoediam
2418 2462 2766 2525 superave-

612 2558 721 2620 rit.
755 2563 1084 2638 Rogamus
1117 2575 1292 2635 vero,
1327 2560 1391 2619 et
1417 2556 1655 2620 sanctis
1684 2565 1814 2620 tuae
1845 2556 2281 2638 religiositatis
2311 2558 2765 2638 provolvimur

610 2670 904 2750 pedibus,
925 2673 1001 2734 ut
1026 2689 1298 2735 manum
1317 2670 1607 2751 porrigas
1628 2671 1980 2735 salutarem
1994 2672 2056 2735 et
2069 2672 2321 2736 auferas
2337 2671 2572 2736 mundi
2596 2692 2766 2738 nau-

608 2785 918 2867 fragium,
948 2786 1381 2868 omniumque
1406 2786 1645 2850 horum
1676 2786 2169 2870 inquisitionem
2204 2787 2438 2869 jubeas
2478 2788 2647 2869 fieri,
2700 2791 2766 2855 et

612 2902 715 2965 his
742 2901 981 2965 illicitis
1009 2902 1332 2965 coelestem
1367 2901 1782 2982 superinduci
1806 2904 2306 2969 correctionem:
2347 2906 2421 2968 ut
2454 2924 2766 2971 revocen-

608 3018 720 3080 tur
740 3015 1002 3098 quidem
1035 3016 1235 3079 sancti
1267 3017 1579 3097 pastoreS,
1612 3018 1727 3099 qui
1754 3019 1990 3099 iniuste
2022 3020 2179 3083 sunt
2204 3037 2242 3083 a
2266 3019 2404 3083 suis
2427 3020 2660 3084 ovibus
2671 3021 2763 3086 ef-

605 3129 888 3212 fugati...
919 3134 1301 3207 Quaesumus
1326 3130 1551 3211 igitur,
1583 3133 1655 3194 ut
1681 3134 1924 3214 absque
1949 3133 2254 3197 dilatione
2286 3136 2673 3217 exsurgatis,
2698 3138 2762 3201 et

606 3246 855 3310 fervido
877 3247 1015 3310 zelo
1052 3264 1371 3325 magnum
1398 3246 1681 3310 victoriae
1710 3247 2078 3329 trophaeum
2119 3249 2343 3313 contra
2382 3251 2757 3314 emulorum

605 3379 845 3425 cuneos
877 3361 1163 3442 erigatis.
1213 3382 1245 3419 1)
1275 3365 1459 3440 (Dom
1505 3363 1834 3439 Constant,
1878 3367 2323 3428 Romanorum
2374 3366 2756 3430 Pontificum

604 3474 920 3555 Epistolae,
956 3493 1100 3556 pag.
1139 3482 1341 3547 1252.)
2763 3549 2769 3556 ι

685 3590 839 3654 L'an
880 3597 1022 3668 437,
1055 3590 1119 3653 16
1140 3608 1298 3672 pape
1329 3591 1494 3655 Sixte
1540 3597 1619 3656 111
1663 3591 1932 3657 ecrivait
1952 3612 2077 3659 aux
2103 3587 2392 3678 Eveques
2420 3595 2703 3679 d’nlyrie
2735 3612 2751 3657 z

698 3727 729 3765 (ι
755 3705 1108 3787 Illyricanae
1136 3722 1362 3769 omnes
1394 3707 1700 3785 ecclesia),
1737 3709 1813 3770 ut
1842 3726 1881 3771 a
1919 3708 2357 3775 decessoribus
2384 3712 2630 3775 nostris
2653 3729 2756 3776 ac-

607 3844 639 3882 »
675 3822 964 3904 cepimus
993 3822 1058 3885 et
1084 3837 1202 3885 nos
1241 3838 1499 3903 quoque
1527 3822 1824 3900 fecimuS,
1852 3822 1933 3886 ad
1961 3842 2190 3888 curam
2217 3845 2395 3890 nunc
2430 3827 2754 3906 pertinent

607 3960 639 3997 1>
675 3935 1256 4002 Thessalonicensis
1282 3936 1604 4001 Antistitis
1618 3962 1636 4017 ;
1665 3938 1740 4000 ut
1765 3955 1882 4001 sua
1906 3939 2362 4015 sollicitudine,
2382 3942 2434 4004 si
2461 3960 2612 4024 quae
2644 3941 2743 4006 in-

607 4074 639 4112 u
671 4053 773 4115 ter
794 4051 1024 4115 fratres
1047 4052 1427 4129 nascantur,
1449 4052 1526 4113 ut
1553 4052 1853 4131 assolent,
1875 4053 2158 4117 actiones
2179 4054 2539 4144 distinguat
2559 4057 2751 4139 atque

606 4193 639 4228 >2
675 4166 964 4244 definiat,
984 4168 1050 4229 et
1074 4165 1154 4229 ad
1178 4184 1331 4230 eum
1359 4165 1679 4249 quidquid
1708 4185 1747 4230 a
1765 4167 2042 4251 singulis
2062 4169 2512 4246 Sacerdotibus
2532 4171 2753 4252 agitur

608 4305 640 4343 »
675 4281 1012 4347 referatur.
1045 4282 1141 4346 Sit
1166 4281 1521 4346 concilium
1553 4283 1800 4365 quoties
1832 4301 2041 4349 causae
2066 4286 2335 4364 fuerint,
2363 4286 2617 4367 quoties
2643 4287 2750 4351 ille

608 4424 641 4459 n
671 4416 790 4480 pro
829 4397 1285 4462 necessitatum
1305 4398 1790 4478 emergentium
1820 4399 2069 4463 ratione
2091 4399 2447 4465 decreverit
2477 4402 2596 4463 :ut
2618 4418 2750 4464 me-

607 4537 638 4574 »
676 4514 800 4579 rito
833 4511 1021 4578 Sedes
1049 4512 1411 4594 apostolica,
1444 4512 1757 4576 relatione
1788 4512 2126 4592 instructa,
2159 4532 2307 4598 quae
2335 4515 2584 4579 fuerint
2609 4515 2748 4580 acta
