3038 5623
538 822 938 869 Pnnsomms
991 822 1413 871 composm
1470 826 1558 871 LE
1616 825 1916 873 concur:
1940 858 1960 895 ‚
2023 829 2177 878 Ere.
2290 809 2429 881 157

309 965 554 1047 gement
599 961 638 1028 a
676 963 788 1027 des
827 963 1127 1029 hommes
1158 965 1274 1048 qui
1326 984 1396 1030 53
1447 967 1813 1032 trouvaicnt
1852 968 1995 1051 deja
2039 971 2432 1039 condamncs

308 1078 452 1142 dans
479 1079 623 1143 leur
649 1078 1016 1160 protention
1047 1098 1167 1160 par
1193 1080 1258 1143 13
1297 1080 1579 1145 decision
1609 1081 1768 1145 d’un
1797 1084 1884 1148 tel
1914 1085 2226 1150 tribunal.

375 1195 656 1277 Quoique
690 1195 751 1258 le
777 1195 1019 1258 concile
1060 1194 1140 1259 de
1183 1195 1516 1260 Bordeaux
1556 1197 1637 1261 de
1676 1204 1833 1260 1583
1875 1216 1941 1262 se
1987 1199 2088 1263 fut
2142 1201 2429 1282 exprime

303 1310 496 1373 ainsi:
537 1333 569 1370 «
606 1309 827 1374 Sciant
858 1311 1080 1375 autem
1114 1310 1419 1393 (capitula
1445 1311 1942 1393 cathedralium)
1969 1332 2037 1378 se
2080 1315 2151 1378 in
2189 1317 2432 1397 synodo

302 1448 329 1482 1·
358 1425 613 1488 tantum
639 1423 1047 1502 consulendi,
1076 1442 1214 1489 non
1240 1427 1462 1489 autem
1485 1425 1874 1491 decernendi
1903 1430 2283 1510 potestatem
2308 1430 2429 1493 ha-

299 1560 329 1598 »
359 1539 506 1602 bere
530 1561 562 1597 11
623 1537 967 1620 (Odespun,
1000 1557 1062 1620 p.
1090 1539 1259 1618 317),
1302 1539 1367 1602 13
1402 1538 1771 1620 pretention
1815 1540 1927 1605 des
1960 1541 2282 1625 chapitrcs
2312 1563 2434 1626 par

302 1654 551 1734 rapport
573 1671 661 1716 au
688 1654 833 1716 vote
859 1652 1087 1717 decisis
1117 1671 1185 1717 se
1212 1654 1568 1718 renouvela
1597 1654 1760 1718 dans
1791 1656 1852 1720 13
1879 1658 2123 1723 3333113
2166 1659 2436 1740 provin·

304 1770 418 1832 cial
443 1769 522 1832 de
542 1770 709 1834 cette
735 1769 1087 1852 metropole
1111 1788 1195 1834 en
1227 1776 1408 1833 1624.

385 1908 418 1945 «
443 1887 619 1950 Inter
642 1886 1089 1967 procuratores
1111 1886 1320 1967 surgit
1340 1889 1410 1949 D.
1445 1885 1525 1950 de
1550 1886 1792 1963 Pitard,
1816 1887 2165 1952 canonicus
2192 1888 2435 1955 theolo-

306 2020 341 2061 »
372 2001 526 2082 galis
551 1988 995 2078 SantonensiS,
1021 2002 1397 2081 procurator
1419 2001 1683 2083 capituli
1711 2001 1895 2066 dictae
1926 2004 2206 2067 ecclesiae
2223 2054 2242 2081 ‚
2275 2023 2435 2069 con-

302 2136 331 2174 »
362 2115 630 2180 tendens
674 2133 905 2180 omnes
953 2118 1396 2196 procuratores
1442 2117 1873 2197 capitulorum
1921 2117 1988 2181 in
2040 2120 2310 2183 concilio
2352 2121 2423 2184 in

301 2249 330 2288 11
364 2231 550 2294 rebus
573 2230 963 2295 conciliariis
982 2229 1338 2313 dirigendis
1360 2248 1585 2295 vocem
1609 2231 1958 2295 decisivam
1983 2231 2244 2310 habere,
2275 2253 2434 2315 proe-

303 2369 330 2404 11
359 2345 809 2428 judiciumque
845 2346 1148 2427 capitulis
1188 2364 1265 2409 33
1314 2334 1585 2428 propter
1606 2345 1839 2410 inferri
1870 2365 1886 2407 ε
1920 2345 2114 2429 idque
2157 2348 2431 2429 probare

304 2482 331 2519 11
362 2462 537 2526 nisus
561 2463 702 2536 tum
736 2460 1131 2526 authoritate
1159 2461 1526 2542 Scripturae,
1547 2462 1688 2525 tum
1715 2461 1978 2544 quodid
2009 2478 2142 2526 non
2165 2465 2333 2528 clare
2357 2465 2428 2528 in

302 2596 330 2632 11
358 2576 640 2640 3311311115
685 2576 1094 2657 generalibus
1131 2577 1195 2640 et
1242 2577 1322 2639 ab
1349 2575 1630 2640 Ecclesia
1662 2574 2030 2640 definitum.
2067 2576 2245 2655 Quod
2276 2595 2429 2642 curn

302 2712 330 2748 11
365 2690 661 2755 33331131
688 2709 1009 2755 consensu
1032 2693 1298 2756 Patrum
1325 2689 1800 2772 exploderetur,
1829 2691 2049 2773 utpote
2065 2692 2428 2775 judicatum

304 2828 331 2866 11
356 2809 491 2889 jam
523 2807 588 2871 et
614 2806 693 2871 ab
721 2807 956 2870 ultimo
997 2805 1269 2871 concilio
1308 2805 1676 2886 definitum,
1707 2826 1746 2871 a
1773 2825 2164 2892 summoque
2207 2809 2425 2873 Ponti-

303 2944 334 2983 »
363 2924 477 2987 fice
506 2923 941 3000 declaratum,
979 2923 1045 2986 et
1072 2923 1154 2985 ab
1184 2921 1457 2986 Ecclesia
1504 2924 1920 2987 observatum
1942 2973 1962 2999 ,
2002 2924 2070 2987 in
2109 2941 2185 2988 33
2224 2925 2428 2988 verba

305 3059 334 3097 11
362 3056 554 3103 33535
604 3040 700 3101 est
745 3055 1169 3119 prorumpere
1194 3083 1217 3115 ,
1274 3037 1596 3101 nimirum
1645 3056 1855 3121 neque
1919 3044 2156 3119 Papam
2215 3056 2429 3120 neque

303 3175 330 3213 11
359 3155 692 3236 Episcopos
720 3153 800 3218 de
826 3153 949 3216 hac
978 3170 1048 3216 re
1084 3152 1374 3233 Judicare
1401 3170 1610 3233 posse,
1636 3152 1807 3235 quod
1856 3152 1925 3216 in
1954 3152 2067 3216 lite
2097 3155 2307 3233 partes
2333 3170 2431 3217 es-

305 3290 331 3327 11
365 3272 527 3349 sent,
553 3276 920 3351 Papamque
944 3268 1015 3330 in
1043 3268 1331 3331 favorem
1349 3267 1807 3348 Episcoporum
1828 3284 2081 3349 semper
2093 3266 2424 3348 ,iudicatu-

306 3395 337 3442 11·
364 3402 553 3448 rum:
586 3384 869 3447 cuicum
893 3383 1275 3447 obsisterent
1296 3381 1822 3446 reverendissimi
1843 3386 1913 3446 D.
1944 3382 2277 3463 Episcopi,
2313 3382 2428 3446 ad-

304 3520 331 3557 11
365 3499 523 3562 didit
581 3500 716 3580 ipse
769 3498 967 3562 etiam
1015 3516 1081 3562 53
1130 3500 1382 3579 majora
1414 3497 1747 3560 dicturum
1791 3497 1897 3561 vel
1938 3497 2136 3562 etiam
2172 3501 2427 3580 pejora,
2523 3537 2526 3542 -

302 3633 330 3673 11
363 3633 650 3680 asserens
679 3632 797 3694 pro
823 3613 1321 3678 confirmatione
1351 3630 1485 3676 suae
1508 3611 1857 3694 opinionis,
1890 3631 2111 3695 regem
2143 3614 2432 3677 christia-

303 3752 329 3790 »
359 3731 707 3795 nissimum
733 3730 804 3792 in
833 3727 1211 3793 consistorio
1243 3745 1358 3791 suo
1391 3727 1774 3792 existentem
1813 3727 2067 3790 nullam
2094 3727 2261 3791 ferre
2290 3745 2432 3791 sen-

301 3866 329 3903 »
360 3846 657 3922 tentiam,
706 3863 826 3908 1133
855 3862 1036 3925 posse
1073 3842 1432 3907 secundum
1481 3843 1647 3907 bene
1683 3842 2044 3923 regulatam
2079 3842 2428 3919 rationem,

301 3980 329 4018 11
361 3961 429 4024 ni
470 3962 654 4042 prius
693 3961 1001 4037 numeret
1043 3958 1311 4022 consilia
1358 3959 1419 4021 et
1441 3958 1590 4020 vota
1624 3957 1997 4020 senatorum
2032 3974 2050 4018 ε
2080 3974 2228 4037 quae
2276 3974 2429 4020 cum

301 4096 329 4133 11
358 4076 540 4140 valde
565 4076 780 4139 aliena
793 4073 1247 4157 judicarentur
1270 4091 1307 4135 a
1332 4072 1651 4150 Patribus,
1673 4071 1879 4134 soluta
1906 4071 2440 4153 congregatione,

301 4190 558 4256 »dilata
588 4190 837 4254 suntin
866 4189 1224 4253 crastinum
1248 4187 1621 4252 decidenda.
1648 4209 1679 4246 11
1711 4185 2053 4267 (Odespun,
2089 4205 2152 4267 p.
2186 4187 2350 4267 689.)

384 4329 414 4365 «
443 4308 554 4371 Die
583 4315 657 4370 16
688 4305 965 4370 octobris
988 4311 1248 4382 1624...,
1275 4304 1495 4367 actum
1526 4302 1604 4366 de
1627 4301 1890 4383 prolatis
1919 4300 1957 4364 a
1983 4306 2053 4365 D.
2083 4301 2161 4366 de
2190 4303 2450 4381 Pitards

303 4441 330 4479 1)
364 4423 726 4505 missusque
749 4441 785 4485 a
807 4423 986 4504 parte
1023 4419 1274 4485 concilii
1296 4418 1409 4501 qui
1436 4436 1590 4482 eum
1624 4417 1990 4500 exquireret
2029 4418 2178 4481 :cui
2200 4417 2431 4482 deinde

305 4558 332 4595 11
366 4536 429 4600 in
455 4537 952 4621 congregatione
974 4537 1228 4618 privata
1250 4534 1525 4614 sistenti,
1551 4534 1633 4598 ab
1666 4533 2104 4599 illustrissimo
2127 4535 2435 4614 Metropo-
