3038 5623
669 804 700 873 1
718 802 821 872 10.
1364 802 1738 868 DEUXIizME
1796 821 2078 868 PAR-rm.

659 965 944 1048 pendent
965 965 1244 1030 d’aucun
1272 962 1712 1047 Archeveque.
1744 963 1926 1028 Ainsi
1963 963 2046 1027 l'a
2072 962 2321 1027 declax-e
2345 964 2408 1027 la
2434 955 2788 1044 congrega-

657 1081 795 1146 tion
822 1080 934 1145 des
975 1079 1740 1160 cardinaux-interpretes
1772 1097 1788 1141 2
1828 1101 1860 1139 «
1886 1083 2019 1143 Hoc
2047 1079 2377 1143 decretum
2422 1095 2556 1142 non
2602 1078 2797 1142 hahet

656 1219 691 1258 >2
737 1198 957 1261 locum
1004 1196 1077 1260 in
1103 1196 1423 1278 Episcopis
1459 1196 1572 1277 qui
1594 1196 1746 1259 sunt
1769 1196 1838 1258 in
1863 1194 2196 1275 provincia
2236 1199 2548 1271 Romana,
2592 1192 2796 1258 veluti

660 1336 688 1371 ,ι
740 1311 1032 1393 quisunt
1071 1303 1242 1377 inter
1283 1316 1656 1393 capuanam
1699 1311 2102 1392 provinciam
2130 1310 2194 1376 et
2221 1310 2517 1375 Pisanam
2559 1331 2594 1369 n
2634 1310 2800 1389 (loco

664 1428 797 1506 cit„
830 1440 901 1492 n⁰
934 1432 1015 1509 7).

736 1547 949 1623 Quant
973 1544 1010 1607 a
1033 1563 1126 1608 un
1145 1536 1399 1627 Eveque
1428 1545 1543 1627 qui
1572 1545 1785 1609 aurait
1807 1562 1960 1620 recu
1989 1563 2087 1608 ses
2112 1544 2322 1609 bulles
2348 1544 2426 1608 de
2453 1544 2803 1609 confirma·

654 1662 792 1724 tion
818 1663 882 1724 et
905 1661 1019 1744 qui
1044 1662 1256 1724 aurait
1277 1661 1410 1741 pris
1431 1661 1789 1742 possession
1814 1659 1894 1724 de
1921 1678 2037 1724 son
2060 1660 2335 1737 diocese,
2362 1661 2527 1724 mais
2566 1660 2685 1742 qui
2715 1680 2799 1726 ne

653 1777 845 1841 serait
868 1794 981 1857 pas
1011 1794 1243 1841 encore
1284 1776 1486 1855 sacre,
1532 1777 1695 1840 voici
1736 1795 1807 1841 ce
1838 1793 1965 1859 que
2007 1776 2102 1840 dit
2146 1777 2205 1841 le
2246 1775 2533 1841 cardinal
2562 1778 2751 1841 Petra
2780 1795 2799 1840 t

662 1914 694 1953 (ι
720 1894 797 1956 Et
817 1892 1014 1956 etiam
1035 1891 1359 1958 vocandus
1378 1893 1475 1956 est
1486 1893 1831 1975 Episcopus
1855 1910 1986 1956 non
2016 1895 2446 1971 consecratuS,
2467 1894 2578 1976 qui
2603 1892 2802 1957 habet

655 2025 882 2072 vocem
906 2009 1097 2089 prout
1118 2008 1290 2072 alii.»
1318 2008 1978 2074 Commentariumad
1989 2009 2516 2073 constitutionem
2529 2003 2799 2074 unicam

663 2123 934 2190 Honorii
960 2128 1038 2203 ΙΙ,
1079 2123 1355 2188 sectione
1382 2132 1441 2201 1,
1467 2142 1538 2187 n.
1562 2130 1664 2202 25,
1699 2126 1745 2187 t.
1770 2129 1819 2203 Ι,
1841 2143 1905 2206 p.
1935 2132 2079 2204 266,
2098 2126 2252 2190 edit.
2274 2126 2554 2190 Venetia}
2590 2129 2795 2205 1741).

649 2241 945 2314 Bal-bosa,
966 2259 1079 2305 sur
1102 2240 1674 2322 l’autorite'duquel
1689 2241 1973 2322 s'appuie
1982 2241 2043 2305 le
2066 2241 2354 2305 cardinal
2371 2243 2575 2320 Petra,
2600 2242 2701 2305 dit
2719 2261 2802 2306 en
2931 2308 2933 2311 ,

647 2355 795 2422 effet
822 2357 886 2420 la
908 2356 1121 2422 meme
1141 2356 1356 2431 chose,
1382 2356 1549 2419 mais
1566 2374 1650 2420 en
1674 2360 2025 2437 supposant
2044 2376 2168 2439 que
2194 2361 2293 2422 cet
2314 2350 2572 2441 Eveque
2595 2376 2636 2422 a
2661 2357 2804 2441 deja

650 2471 786 2551 pris
813 2471 1174 2552 possession
1197 2470 1275 2533 (16
1302 2488 1423 2534 son
1452 2471 1622 2553 siege
1657 2491 1673 2535 :
1715 2473 2115 2554 «Episcopus
2145 2474 2441 2537 nondum
2468 2492 2802 2539 consecra-

649 2587 782 2663 tuS,
814 2586 868 2649 si
895 2584 977 2649 sit
997 2587 1234 2650 electus
1256 2588 1322 2649 et
1347 2588 1793 2666 confirmatus,
1824 2606 1897 2652 ac
1916 2591 2382 2670 possessionem
2401 2591 2804 2672 episcopatus

653 2700 946 2782 adeptuS,
978 2702 1185 2782 potest
1212 2702 1518 2794 interesse
1549 2704 1845 2783 concilio,
1897 2723 1974 2769 ac
2017 2706 2289 2786 proinde
2317 2706 2397 2769 de
2427 2708 2802 2771 necessitate

649 2817 731 2880 ad
753 2815 916 2881 illud
940 2819 1035 2882 est
1059 2818 1403 2883 vocandus.
1452 2841 1483 2878 n
1543 2821 1952 2899 (Collectanea
1997 2824 2065 2885 in
2105 2824 2218 2905 jus
2268 2825 2695 2906 Pontificium,
2726 2824 2802 2888 ad

537 3001 552 3018 ,
650 2931 934 3013 primam
960 2934 1211 3014 partem
1238 2934 1498 3013 decreti,
1530 2935 1939 3001 distinctione
1984 2945 2082 3014 18,
2123 2938 2203 3001 ad
2232 2939 2424 3020 caput
2450 2941 2518 3004 Si
2540 2941 2805 3020 Episco-

648 3065 788 3128 pus,
836 3067 906 3112 n.
938 3052 1022 3129 3.)
1057 3054 1144 3115 La
1173 3049 1387 3115 meme
1413 3049 1703 3115 doctrine
1733 3070 1801 3116 se
1833 3054 2133 3117 retrouve
2182 3054 2343 3118 dans
2370 3056 2430 3119 16
2456 3073 2801 3120 commen-

651 3164 815 3230 taire
838 3165 915 3229 de
945 3166 1222 3230 Barbosa
1242 3184 1355 3229 sur
1378 3167 1438 3231 le
1466 3168 1716 3260 concile
1742 3168 1822 3232 de
1840 3160 2076 3235 Trente
2098 3169 2199 3248 (ad
2229 3149 2417 3252 caput
2445 3178 2510 3250 2,
2534 3189 2695 3237 sess.
2725 3180 2799 3235 24

650 3280 730 3344 (16
761 3280 909 3360 ref„
941 3301 1009 3345 n.
1040 3284 1128 3361 6.)

729 3400 901 3459 Nous
927 3413 1126 3460 avons
1154 3396 1297 3478 deja
1339 3398 1624 3478 montre,
1655 3418 1740 3462 au
1769 3399 2059 3481 chapitre
2088 3400 2399 3467 huitieme
2429 3402 2509 3466 de
2544 3402 2614 3467 la
2655 3423 2797 3486 pre-

651 3509 850 3574 miere
881 3511 1108 3592 partie,
1135 3530 1262 3593 que
1290 3511 1688 3596 l’obligation
1715 3515 1791 3579 (16
1819 3515 2102 3580 celebrer
2122 3517 2217 3581 les
2239 3517 2511 3582 conciles
2534 3520 2798 3599 provin-

651 3626 837 3691 ciaux
861 3627 965 3691 n'a
999 3644 1111 3709 pas
1140 3626 1238 3691 ete
1272 3627 1566 3708 perimee
1597 3648 1713 3711 par
1739 3632 1801 3694 la
1829 3632 2070 3712 longue
2120 3631 2468 3697 desuetude
2498 3635 2616 3718 qui
2641 3654 2682 3699 a
2711 3651 2792 3698 eu

652 3740 783 3805 lieu
805 3759 889 3806 en
909 3746 1172 3806 France.
1198 3742 1368 3806 Cette
1388 3742 1739 3808 desuetude
1762 3747 2184 3811 n'excuserait
2205 3747 2373 3812 donc
2391 3766 2508 3828 pas
2532 3752 2792 3832 aujour-

652 3854 834 3920 d'hui
860 3856 953 3921 les
980 3848 1405 3940 Eveques-qui
1430 3860 1855 3924 resuseraient
1872 3859 2214 3925 d'assister.
