3038 5623
461 825 757 873 CONCILE
806 824 1014 872 PRov.
1062 824 1199 870 PAR
1253 824 1575 871 RAPPORT
1620 826 1711 873 ΛΠ
1772 816 2235 880 ΒΔῙΝΤ-ὃῐῑῗὶῦΕ.
2342 808 2487 881 375

373 970 533 1050 qoire
571 971 758 1034 XIII.
788 1000 868 1014 --
904 988 936 1027 t(
964 971 1018 1031 A
1041 984 1155 1030 sua
1184 967 1544 1046 sanctitate,
1584 970 1771 1050 cujus
1809 970 2053 1050 jndicio
2095 973 2159 1035 et
2207 990 2495 1037 censurae

374 1105 402 1142 n
435 1083 655 1148 omnia
685 1084 754 1147 in
782 1082 1080 1163 proesenti
1126 1081 1396 1146 concilio
1429 1084 1674 1147 sancita
1724 1088 1785 1148 et
1825 1085 2091 1152 definita
2133 1084 2496 1170 subjiciun-

373 1220 404 1260 »
432 1201 564 1277 tur,
607 1198 870 1279 supplex
917 1197 1203 1279 synodus
1258 1215 1457 1280 quam
1508 1200 1715 1278 potest
1765 1200 2074 1283 efflagitat
2118 1205 2373 1282 obnixe,
2425 1206 2499 1269 ut

376 1335 406 1374 »
433 1313 753 1394 Episcopis
783 1313 1151 1395 provincia),
1177 1330 1532 1395 eorumque
1562 1314 1844 1392 vicariiS,
1873 1317 2253 1382 officialibus
2274 1321 2337 1382 et
2364 1337 2498 1399 poe-

374 1453 401 1487 »
436 1428 848 1507 nitentiariis,
896 1428 1265 1492 facultatem
1298 1430 1380 1491 ab
1405 1429 1631 1494 haeroei
1659 1432 2102 1496 absolvendi...
2153 1433 2499 1498 concedere

374 1566 402 1603 ι)
438 1543 763 1625 dignetur.
799 1565 830 1602 ι)
861 1543 1200 1624 (Odespun,
1228 1562 1290 1625 p.
1326 1547 1489 1622 333.)
2419 1521 2424 1525 ’

454 1662 540 1721 La
563 1659 750 1722 lettre
774 1658 853 1722 de
879 1663 960 1722 M.
989 1657 1221 1736 Maille,
1251 1658 1648 1741 archeveque
1678 1659 1757 1723 de
1793 1664 2019 1739 Tours,
2043 1679 2127 1724 au
2164 1679 2323 1743 pape
2348 1662 2502 1727 Gre-

370 1774 542 1855 goire
582 1777 717 1836 XIII
745 1775 841 1837 est
870 1775 1014 1855 trop
1045 1774 1496 1855 remarquable
1524 1793 1690 1855 pour
1731 1792 1858 1856 que
1886 1792 2049 1840 nous
2073 1778 2225 1841 n'en
2270 1779 2498 1844 citions

376 1908 482 1970 pas
509 1889 678 1954 aussi
718 1892 1028 1971 quelques
1080 1889 1338 1952 extraits
1370 1908 1388 1952 ε

458 2027 489 2064 «
523 2004 1054 2086 Quandoquidem
1097 2022 1251 2068 vero
1285 2022 1321 2067 a
1370 2006 1437 2067 te
1477 2022 1613 2069 uno
1659 2005 2014 2086 pendemus
2054 2024 2318 2084 omnes,
2384 2008 2498 2088 qui

371 2140 403 2177 n
436 2119 618 2182 nobis
671 2120 777 2183 hic
818 2120 893 2182 ut
933 2119 1245 2183 membris
1287 2120 1415 2182 tuis
1442 2120 1635 2200 caput
1687 2137 1858 2197 esm,
1911 2138 2234 2201 quemque
2266 2121 2499 2184 Christi

372 2256 403 2294 »
436 2234 694 2298 Domini
723 2236 926 2299 nostri
968 2236 1037 2299 in
1064 2236 1256 2300 terris
1275 2236 1685 2317 agnoscimus
1711 2236 1940 2318 pieque
1970 2252 2366 2300 veneramur
2395 2237 2496 2300 vi-

369 2370 400 2406 »
438 2350 715 2428 carium,
753 2350 1069 2433 quidquid
1108 2351 1379 2414 omnino
1422 2350 1967 2425 elucubravimus,
2022 2368 2153 2413 non
2199 2351 2374 2432 prius
2418 2352 2489 2415 in

370 2485 400 2522 »
436 2465 648 2529 lucem
677 2466 929 2547 prodire
956 2466 1265 2547 patimur,
1312 2483 1511 2548 quam
1557 2465 1984 2529 sacratissimo
2013 2467 2143 2529 tuae
2188 2466 2489 2530 sanctIta-

368 2600 399 2638 »
433 2580 513 2643 tis
544 2579 706 2643 illud
736 2580 1164 2645 obtulerimus
1195 2580 1456 2662 judicic,
1485 2581 1560 2643 ut
1592 2580 1793 2644 veluti
1843 2580 1922 2643 ad
1960 2580 2211 2663 lydium
2233 2582 2341 2645 vel
2370 2582 2492 2646 be-

368 2714 400 2754 »
432 2696 705 2759 raclium
745 2697 954 2777 potius
997 2697 1279 2778 lapidem
1308 2696 1674 2777 probatum,
1719 2697 2027 2779 omnique
2069 2699 2491 2779 repurgatum

371 2832 402 2869 »
442 2829 683 2890 errore,
732 2811 1111 2895 dignissimo
1142 2815 1271 2876 tuae
1304 2814 1476 2877 vocis
1519 2814 1777 2876 oraculo
1793 2813 2070 2892 fultum,
2114 2814 2497 2878 certissimo·

370 2948 399 2986 n
435 2946 560 3010 que
584 2927 1066 3009 prudentissimi
1092 2929 1187 2991 tui
1216 2929 1463 2993 consilii
1491 2930 1735 2993 calculo
1757 2931 2266 3011 comprobatum,
2287 2930 2495 2994 tutius

368 3063 402 3100 ω
441 3043 509 3105 in
547 3042 894 3107 hominum
924 3061 1160 3107 manus
1206 3043 1379 3107 exire
1404 3043 1675 3124 possi-t...
2136 3052 2141 3056 ’

455 3181 480 3216 »
516 3159 775 3223 Nemini
803 3160 1005 3241 igitur
1048 3160 1295 3224 mirum
1350 3175 1483 3223 esse
1505 3159 1826 3237 videatur,
1873 3158 1929 3220 si
1968 3175 2195 3222 omnes
2247 3160 2496 3223 nostras

361 3293 399 3330 ο)
436 3273 717 3338 actiones
745 3275 826 3338 ad
873 3277 935 3340 te
971 3293 1186 3340 unum
1236 3275 1428 3355 caput
1478 3276 1777 3338 nostrum
1823 3272 2207 3336 referimus:
2237 3289 2390 3336 cum
2427 3273 2494 3336 id

364 3411 400 3447 n
437 3389 550 3452 Dei
584 3392 901 3472 praecepto
929 3391 1264 3468 faciamuS,
1295 3407 1509 3471 neque
1560 3388 1968 3470 praestantius
1993 3390 2229 3451 nostrae
2269 3387 2495 3452 adver-

369 3526 403 3563 »
438 3521 591 3568 sum
621 3508 685 3568 te
712 3505 1093 3569 obedientia}
1141 3505 1463 3586 specimen
1500 3504 1666 3567 -dare
1711 3504 2066 3582 valeamus,
2119 3505 2183 3566 te
2223 3493 2495 3585 inquam

360 3642 401 3679 a>
444 3637 786 3684 summum
838 3622 1141 3684 omnium
1186 3620 1688 3685 christianorum
1741 3618 2208 3682 moderatorem
2228 3661 2249 3691 ,
2301 3635 2501 3699 quam

367 3759 403 3794 »
442 3735 605 3799 dum
648 3738 711 3799 te
740 3738 1105 3801 consultore
1130 3754 1263 3800 non
1308 3737 1522 3800 solum
1551 3736 1630 3798 ab
1667 3751 1884 3798 errore
1912 3736 1976 3797 et
2002 3734 2189 3796 malis
2217 3733 2499 3796 abstine—

367 3871 404 3909 »
446 3868 599 3914 mus
624 3851 774 3931 ipsi,
795 3853 989 3933 atque
1015 3851 1173 3915 alios
1200 3866 1570 3925 avocamuS,
1587 3848 1696 3912 sed
1718 3866 1793 3912 ea
1815 3848 2012 3912 etiam
2039 3865 2183 3929 quoe
2203 3846 2500 3909 ¹laudabi-

364 3988 405 4024 ι)
439 3966 529 4030 lia
556 3968 728 4044 sunt,
752 3967 889 4030 sine
916 3969 1027 4030 tua
1051 3967 1367 4030 sententia
1396 3967 1585 4047 teque
1605 3964 1989 4040 inconsulto,
2018 3962 2226 4025 facere
2251 3961 2321 4024 in
2352 3961 2504 4024 reli-

368 4104 408 4140 »
446 4081 712 4162 gionem
738 4081 1132 4145 vertimus...
1155 4085 1305 4145 Tuae
1331 4097 1506 4143 nunc
1524 4078 1648 4142 erit
1676 4075 2022 4142 sanctitatis
2044 4076 2505 4140 benevolentiae

366 4218 407 4257 >³
438 4199 503 4260 et
542 4196 981 4278 benignitatiS,
1001 4197 1364 4260 beatissime
1394 4196 1596 4276 pater,
1635 4195 1825 4256 tuum
1848 4192 1966 4256 hac
1999 4192 2069 4255 in
2104 4210 2175 4255 re
2199 4191 2505 4256 adhibere

359 4337 396 4371 >2
426 4310 1100 4395 judicium,tuamque
1118 4311 1568 4394 dignissimam
1589 4310 1996 4391 interponere
2017 4306 2501 4385 authoritatem,

356 4451 395 4488 ι)
439 4433 517 4491 ut
570 4446 717 4511 quae
768 4427 882 4491 tibi
908 4427 1301 4491 videbuntur
1352 4427 1524 4491 recta
1576 4424 2030 4506 approbatione
2066 4426 2177 4486 tua
2217 4423 2463 4487 sancias
2479 4469 2500 4500 ‚

354 4569 388 4602 υ
437 4562 587 4627 quae
618 4562 798 4608 secus
816 4543 1137 4622 oblitereS,
1156 4559 1512 4625 expungaS,
1541 4544 1606 4607 et
1633 4541 1973 4605 abarcano
1994 4541 2123 4603 ωε
2147 4536 2504 4619 ,ρωὰθηῒὶω
