3038 5623
616 776 757 843 464
1299 776 1718 852 QUATROEME
1774 794 2051 839 PARTIE.

611 959 640 993 »
681 935 1004 1015 politanus
1038 935 1427 997 convocetur
1461 933 1837 1013 EpiscopuS,
1883 933 1958 994 ut
2000 949 2113 1011 per
2141 948 2297 994 eum
2321 930 2751 994 confirmetur

612 1072 643 1110 ›>
678 1049 850 1132 quod
881 1048 1242 1113 secundum
1267 1048 1524 1112 rectum
1549 1047 1861 1128 placuerit
1884 1063 2226 1109 canonem.
2256 1066 2288 1104 2>

694 1172 753 1225 7⁶
803 1168 887 1227 Le
926 1163 1202 1243 capitulo
1242 1170 1336 1239 7⁶,
1381 1162 1532 1224 titre
1574 1180 1655 1238 ιι,
1700 1160 1773 1223 de
1817 1160 2186 1240 temporibus
2223 1159 2698 1222 ordinationum
2729 1182 2751 1222 .·

619 1283 803 1342 «Nec
846 1277 1139 1358 Episcopi
1186 1276 1326 1339 sine
1366 1275 1838 1355 Metropolitani
1872 1274 2220 1356 permissu,
2253 1291 2372 1337 nec
2396 1274 2755 1354 Metropoli-

610 1416 646 1454 »
681 1396 874 1457 tanus
918 1392 1058 1455 sine
1101 1391 1311 1454 tribus
1360 1391 1499 1469 (vel
1541 1389 1830 1469 duobus)
1879 1389 2202 1470 Episcopis
2249 1388 2756 1469 comprovincia-

610 1530 646 1569 »
679 1509 849 1571 libus
883 1506 1232 1588 praesumat
1272 1505 1657 1585 Episcopum
1705 1503 2028 1581 ordinare,
2073 1503 2164 1567 ita
2205 1503 2283 1566 ut
2325 1503 2436 1566 alii
2462 1502 2754 1584 Episcopi

612 1644 644 1681 »
680 1621 1253 1701 comprovinciales
1276 1618 1752 1682 admoneantur
1772 1618 2072 1698 epistolis,
2105 1619 2178 1682 ut
2207 1636 2275 1682 se
2299 1637 2417 1681 suo
2445 1635 2752 1698 responso

614 1758 645 1794 ι)
681 1735 1048 1816 significent
1091 1733 1487 1798 consensisse
1498 1753 1521 1813 3
1564 1733 1739 1814 quod
1767 1733 1822 1797 si
1855 1733 2024 1796 inter
2047 1734 2261 1814 partes
2291 1734 2508 1815 aliqua
2555 1732 2751 1796 dubi-

614 1872 645 1909 »
681 1848 836 1912 tatio
875 1849 1093 1925 fuerit,
1147 1848 1381 1928 maJori
1412 1866 1691 1911 numero
1741 1848 2266 1929 Metropolitanus
2319 1848 2387 1911 in
2435 1847 2747 1911 electione

611 1985 643 2022 »
683 1962 1058 2026 consentiat.
1092 1987 1120 2021 ι)

696 2086 758 2140 8⁰
788 2081 883 2142 On
898 2076 1207 2159 alleguait
1228 2076 1478 2142 ensuite
1503 2076 1812 2157 l’opinion
1832 2075 2319 2158 generalement
2336 2094 2525 2155 recuc
2545 2076 2752 2156 parmi

612 2193 703 2256 les
732 2193 1089 2256 canonistes
1121 2191 1494 2255 renommes
1521 2190 1599 2254 de
1622 2209 1693 2255 ce
1720 2193 1949 2271 temps.
1974 2189 2230 2271 D’apres
2251 2208 2355 2253 ces
2379 2191 2662 2267 auteurS,
2683 2190 2753 2252 ni

612 2308 707 2371 les
736 2308 1124 2389 suffragants
1149 2324 1234 2369 ne
1276 2306 1554 2386 peuvent
1595 2305 1738 2368 rien
1781 2323 1930 2368 sans
1966 2305 2438 2368 l'assentiment
2489 2304 2576 2367 du
2631 2304 2757 2368 Me-

614 2421 1011 2502 tropolitain,
1064 2421 1136 2483 ni
1183 2421 1242 2483 le
1279 2419 1747 2500 Metropolitain
1787 2437 1937 2483 sans
1977 2419 2332 2483 l’adhesion
2376 2419 2453 2483 de
2497 2437 2595 2483 ses
2624 2420 2755 2483 suf-

613 2537 922 2617 fragants.
954 2534 1111 2598 D’oi1
1134 2535 1181 2597 il
1208 2534 1339 2597 suit
1367 2536 1528 2617 qu’il
1556 2535 1696 2598 faut
1723 2536 2017 2598 recourir
2043 2552 2128 2597 au
2167 2533 2557 2616 Saint-Siege
2596 2534 2758 2598 dans

613 2651 674 2713 13
694 2668 799 2713 335
821 2648 903 2712 ou
931 2649 992 2712 le
1019 2648 1494 2728 Metropolitain
1527 2650 1591 2712 et
1613 2649 1708 2712 les
1735 2649 2126 2729 suffragants
2155 2648 2495 2712 s'arretent
2523 2647 2761 2711 defini·-

615 2764 928 2828 tivement
955 2761 992 2826 3
1015 2761 1128 2826 des
1159 2762 1295 2826 avis
1323 2762 1609 2844 opposeS.
1635 2762 1816 2827 Ainsi
1842 2761 2267 2845 l'enseignent
2286 2763 2346 2827 le
2366 2761 2658 2827 cardinal
2679 2763 2760 2827 de

613 2879 1132 2956 Turrecremata,
1183 2878 1478 2955 Bellami,
1526 2877 1647 2941 Gui
1684 2878 1761 2941 de
1794 2883 1994 2960 Bayse
2025 2880 2240 2960 (qu'on
2277 2897 2312 2941 a
2340 2880 2642 2942 coutume
2679 2878 2761 2942 de

614 2994 776 3056 citer
803 3011 887 3056 en
935 2992 1103 3056 droit
1150 3010 1362 3056 canon
1402 3010 1517 3073 par
1555 2993 1617 3055 le
1657 3011 1813 3056 nom
1856 2992 2474 3072 d'Archidiaconus)‚
2511 2995 2577 3056 et
2607 2994 2761 3074 plu-

614 3109 819 3172 sieurs
847 3110 1087 3186 autreS,
1128 3107 1453 3189 lorsqu'ils
1491 3109 1931 3171 commentent
1967 3108 2059 3171 les
2101 3108 2270 3172 deux
2295 3108 2607 3188 capitulos
2633 3113 2762 3173 Per

613 3223 911 3302 sinqulas.
946 3226 1029 3285 Le
1054 3222 1328 3302 capitule
1357 3225 1484 3288 Nec
1506 3223 1803 3304 Episcopi
1832 3223 1949 3300 dit,
1975 3221 2013 3285 ἐι
2040 3223 2103 3285 13
2127 3222 2351 3300 verite,
2386 3243 2510 3305 que
2532 3225 2593 3287 le
2625 3225 2763 3288 Me-

616 3337 992 3417 tropolitain
1021 3336 1157 3399 doit
1184 3355 1251 3400 se
1292 3336 1659 3400 conformer
1686 3336 1724 3401 a
1763 3336 1945 3400 l'avis
1986 3336 2064 3400 de
2102 3338 2166 3400 la
2208 3316 2505 3418 majorite
2549 3338 2629 3401 de
2661 3357 2763 3402 ses

616 3451 1005 3530 suffraganis
1030 3469 1050 3529 3
1075 3450 1240 3513 mais
1268 3451 1361 3514 les
1404 3451 1767 3514 canonistes
1802 3450 2156 3532 repondent
2185 3450 2223 3515 a
2252 3453 2416 3516 cet-te
2445 3452 2764 3517 difficulte

615 3563 694 3626 de
724 3563 892 3626 deux
922 3564 1246 3628 manieres
1284 3583 1300 3626 ε
1336 3574 1396 3627 1⁰
1428 3583 1512 3628 en
1556 3565 1791 3629 faisant
1830 3566 2133 3630 observor
2168 3567 2328 3649 qu'il
2375 3568 2557 3649 s’agit
2595 3567 2765 3632 dans

613 3678 714 3740 cet
740 3677 993 3742 endroit
1021 3678 1109 3740 du
1138 3696 1244 3742 cas
1290 3679 1667 3759 particulier
1703 3679 1781 3743 de
1820 3679 2230 3744 l'ordination
2274 3682 2433 3745 d'un
2458 3675 2761 3765 Eveque3

614 3799 678 3852 2⁰
706 3810 789 3855 en
815 3794 1162 3855 soutenant
1190 3811 1320 3875 que
1352 3794 1516 3857 dans
1548 3813 1618 3857 ce
1643 3812 1749 3859 cas
1770 3795 2141 3875 particulier
2159 3797 2340 3860 l'avis
2365 3797 2445 3860 de
2467 3799 2762 3863 l'Arche-

612 3905 818 3987 reque
848 3906 1101 3971 devrait
1131 3906 1456 3987 prevaloir
1486 3909 1587 3972 s’il
1614 3928 1696 3974 ne
1728 3910 1973 3973 voulait
2002 3927 2114 3991 pas
2138 3928 2203 3974 se
2234 3910 2469 3975 rendre
2511 3911 2550 3976 3
2589 3914 2765 3977 celui

611 4018 690 4082 de
713 4019 777 4081 13
800 4020 1125 4100 maJorite,
1146 4039 1400 4085 comme
1425 4023 1854 4105 l’enseignent
1868 4025 1924 4087 le
1943 4025 2272 4091 canoniste
2286 4025 2518 4090 d'Ostie
2538 4028 2765 4108 (Henri

612 4133 692 4197 de
717 4133 977 4215 Seguse,
1014 4134 1258 4217 ovoque
1294 4137 1548 4217 d'Ostie)
1579 4141 1641 4203 et
1682 4140 1999 4202 innocent
2040 4144 2140 4204 IV.
2175 4144 2254 4206 Ge
2299 4140 2560 4205 dernier
2604 4144 2767 4206 s'ex-

612 4248 821 4328 prime
849 4248 1017 4312 ainsi
1051 4268 1068 4311 ε
1117 4272 1148 4309 «
1177 4254 1251 4313 In
1279 4251 1546 4316 veritate
1590 4255 1755 4318 stare
1800 4255 1988 4318 debet
2031 4255 2561 4337 Archiepiscopus
2603 4275 2760 4321 sen-

612 4382 644 4420 »
680 4361 896 4439 tentiae
923 4363 1187 4444 maJoris
1216 4366 1413 4445 partis
1442 4384 1458 4429 z
1491 4366 1601 4431 sed
1642 4386 1787 4432 eam
1827 4370 1945 4433 etsi
1976 4388 2108 4433 non
2139 4372 2452 4454 sequitur,
2484 4372 2593 4436 sed
2623 4373 2757 4436 mi-

615 4497 647 4535 »
685 4494 938 4557 norem,
975 4479 1219 4544 tenebit
1255 4482 1572 4546 sententia
1610 4484 2086 4568 Archiepiscopi
2096 4507 2117 4569 3
2163 4505 2296 4552 non
2330 4489 2511 4553 enim
2537 4490 2759 4572 requi-
