3038 5623
583 765 1026 832 ominumivs
1087 779 1187 825 Du
1252 778 1554 826 concmz
1611 777 1859 846 PROV.,
1920 778 2075 825 ETc.
2283 757 2421 828 403

305 944 333 980 >³
364 922 716 987 brationem
747 941 881 987 non
905 922 993 987 ita
1017 921 1271 985 dudum
1300 920 1435 985 suis
1464 920 1699 984 litteris
1728 920 2047 999 excitavit,
2072 923 2136 986 et
2161 936 2428 985 curren-

303 1058 332 1096 »
362 1036 554 1116 tibus,
577 1039 656 1101 ut
686 1037 952 1115 dicitur,
977 1038 1186 1101 calcar
1213 1035 1484 1100 addidit.
1515 1036 1938 1116 Quapropter,
1964 1034 2136 1117 quod
2168 1033 2430 1100 univcr-

302 1175 330 1212 n
362 1171 427 1217 so
466 1154 636 1218 clero
682 1155 1045 1236 populoque
1085 1153 1273 1217 nobis
1323 1153 1613 1234 subjecto
1667 1152 1817 1217 felix
1860 1152 2273 1235 faustumque
2321 1152 2434 1230 sit,

298 1289 326 1327 ›)
359 1269 701 1334 concilium
763 1269 1158 1351 provinciale
1217 1269 1285 1332 in
1340 1270 1563 1333 nostra
1618 1267 2109 1349 metropolitana
2165 1267 2429 1332 ecclesia

292 1404 320 1444 n
354 1385 886 1465 Rothomagensi‚
943 1383 1270 1449 dominica
1322 1384 1536 1465 prima
1590 1384 1924 1448 Adventus
1984 1383 2254 1465 proximi
2321 1383 2428 1447 in-

294 1519 322 1557 »
352 1499 728 1565 choandum
773 1502 835 1564 et
883 1500 1307 1583 sequentibus
1346 1499 1577 1564 diebus
1613 1498 2077 1564 celebrandum
2109 1500 2173 1562 et
2201 1497 2433 1562 termi-

288 1635 316 1672 »
353 1615 651 1680 nandum
688 1615 1078 1695 indiximuS,
1112 1634 1186 1680 ac
1218 1615 1647 1696 praesentibus
1684 1614 1914 1679 litteris
1961 1613 2313 1679 indicimus
2357 1632 2432 1680 ac

283 1752 312 1788 »
348 1730 882 1796 constituimus...
925 1735 1144 1814 Itaque
1190 1732 1536 1796 hortamur
1561 1750 1697 1811 voS,
1731 1732 1960 1796 fratres
2007 1721 2429 1809 dilectissimi,

282 1866 311 1903 ι
345 1847 408 1910 et
433 1848 559 1910 sub
588 1845 792 1910 divini
824 1847 1249 1913 obtestatione
1274 1847 1504 1930 judicii
1536 1865 1884 1912 monemus
1912 1848 2102 1929 atque
2131 1845 2427 1928 injungi-

278 1980 308 2018 »
340 1979 515 2038 muS‚
546 1962 625 2025 ut
652 1961 855 2042 posito
878 1962 1061 2026 omni
1085 1962 1508 2028 excusationis
1547 1963 1696 2041 (nisi
1725 1980 1871 2045 quae
1914 1960 2203 2043 legitima
2234 1962 2432 2027 fucrit

273 2096 302 2133 1>
332 2078 398 2140 et
423 2094 544 2158 per
576 2075 795 2159 ipsum
822 2077 1175 2143 concilium
1205 2077 1654 2160 approbanda)
1686 2077 1995 2153 obtentu,
2029 2075 2132 2141 die
2174 2075 2424 2157 praesti·

268 2209 299 2247 »
333 2191 472 2256 tuta
499 2191 992 2275 Rothomagum
1020 2193 1364 2258 nobiscum
1393 2191 1815 2258 conveniatis.
1842 2213 1875 2250 υ

341 2310 458 2370 Les
504 2307 791 2371 conciles
831 2307 910 2371 de
954 2309 1177 2385 Milan,
1204 2307 1486 2371 celebres
1529 2325 1678 2372 sous
1712 2306 1882 2370 saint
1910 2304 2170 2372 Charlcs
2198 2308 2428 2370 Borro⁴

260 2420 443 2501 mee,
491 2422 809 2486 meritant
870 2424 1012 2504 plus
1069 2441 1194 2505 que
1258 2424 1403 2486 tous
1452 2422 1544 2486 les
1608 2424 1825 2485 autres
1876 2420 2076 2484 d'etre
2139 2419 2421 2502 signales

250 2552 508 2603 comme
539 2538 858 2616 modeleS,
884 2539 1007 2603 soit
1040 2538 1077 2601 a
1119 2556 1310 2601 cause
1356 2537 1434 2601 de
1483 2537 1548 2600 la
1593 2535 1863 2600 saintcte
1893 2535 1971 2601 de
2003 2555 2073 2601 ce
2102 2536 2311 2619 grand
2356 2541 2421 2602 et

249 2653 629 2719 admirable
656 2656 1095 2738 Archeveque,
1122 2655 1243 2719 soit
1270 2655 1307 2718 a
1333 2673 1525 2719 cause
1550 2653 1638 2717 du
1667 2652 1977 2736 privilege
1997 2653 2164 2718 dela
2181 2655 2418 2719 confir·-

249 2771 512 2835 mation
548 2770 923 2857 pontificale
955 2771 1142 2850 qu'ils
1172 2771 1289 2835 ont
1329 2771 1632 2845 obtenue,
1659 2788 1824 2835 nous
1863 2770 2140 2835 citerons
2185 2788 2416 2836 encore

236 2883 302 2948 la
328 2886 528 2950 lettre
561 2885 951 2949 d'indiction
977 2904 1143 2966 pour
1166 2886 1224 2949 le
1250 2886 1531 2967 premier
1557 2886 1636 2950 de
1664 2904 1767 2950 ces
1789 2887 2063 2951 conciles
2091 2906 2107 2949 ε

335 3024 368 3062 α
403 3004 652 3084 Itaque
680 3000 1181 3081 amplitudinem
1210 3003 1391 3064 tuam
1419 3001 2028 3065 reverendissimam
2053 3018 2170 3081 pro
2194 3003 2410 3066 aucto-

228 3115 421 3183 ritate
455 3120 704 3182 nostra
731 3116 1253 3198 archiepiscopali
1287 3134 1661 3195 monemuS,
1687 3118 1762 3180 ut
1788 3116 2060 3180 omnino
2093 3116 2172 3179 ad
2202 3117 2412 3197 proxi—

222 3248 365 3295 mos
415 3232 582 3296 idus
644 3232 921 3294 octobris
981 3232 1051 3294 in
1103 3231 1561 3296 Mediolanensi
1616 3231 1837 3294 nostra
1909 3232 2410 3313 metropoIItana

222 3348 500 3412 ecclesia
526 3347 618 3411 ad
661 3346 1071 3428 provincialis
1094 3347 1351 3410 concilii
1384 3345 1887 3410 celebrationem
1919 3345 2193 3410 intersit.
2232 3348 2407 3425 Quod

219 3462 272 3524 si
301 3463 607 3527 fortasse
645 3463 712 3527 te
742 3462 958 3545 aliqua
997 3464 1171 3544 justa
1213 3463 1559 3527 necessitas
1600 3461 1966 3542 impedierit
1998 3465 2222 3545 (quam
2267 3481 2302 3526 a
2345 3465 2407 3528 te

212 3579 406 3643 nobis
442 3577 829 3662 significari
863 3579 926 3641 et
951 3580 1132 3660 juxta
1157 3577 1499 3641 canonicas
1529 3577 1888 3641 sanctiones
1927 3578 2183 3659 probari
2211 3596 2402 3660 opor-

210 3693 424 3776 tebit),
461 3693 843 3778 specialem
874 3695 1353 3774 procuratorem
1385 3692 1937 3775 quemadmodum
1970 3691 2160 3757 debes
2189 3693 2268 3756 ad
2294 3712 2401 3776 sy-

207 3810 475 3874 nodum
505 3809 759 3874 mittas
776 3826 795 3889 3
827 3807 1116 3891 alioquin
1144 3808 1428 3872 moneris
1461 3809 1522 3871 te
1558 3825 1780 3887 poenas
1823 3806 2018 3871 sacris
2047 3807 2405 3872 canonibus

198 3928 630 3991 constitutas
679 3923 1127 3987 incursurum.
1173 3928 1509 3989 Monemus
1556 3923 1866 4003 praeterea
1910 3921 2404 4003 amplitudinem

196 4040 386 4107 tuam
422 4043 508 4106 ut
533 4039 877 4116 edictum,
900 4038 1072 4121 quod
1103 4038 1205 4103 his
1229 4038 1459 4103 litteris
1484 4037 1924 4119 adjunximuS,
1946 4036 2017 4099 in
2042 4038 2168 4100 tuae
2193 4038 2405 4102 cathe-

189 4154 399 4223 dralis
432 4168 506 4223 et
546 4154 858 4220 aliarum
887 4154 1253 4237 insignium
1283 4155 1412 4217 tuae
1459 4152 1749 4217 dioecesis
1776 4152 1829 4216 si
1868 4169 2012 4235 quae
2043 4152 2171 4216 sint
2200 4154 2399 4219 eccle-

184 4260 460 4338 s‘iarum
518 4267 787 4346 valviS,
828 4269 903 4332 ut
952 4268 1260 4332 omnibus
1302 4268 1685 4346 innotescat,
1728 4267 2219 4350 quamprimum
2263 4269 2404 4333 affi-

179 4389 507 4470 gendum
558 4387 639 4451 et
699 4382 1162 4464 duplicandum
1207 4400 1391 4448 cures
1404 4401 1423 4464 3
1469 4387 1657 4462 cujus
1704 4381 2240 4464 promulgationis
2286 4400 2401 4464 per

179 4499 693 4568 instrumenta
723 4497 979 4577 publica
1007 4515 1124 4561 nos
1151 4496 1343 4562 facias
1368 4496 1692 4562 certiores·
1725 4521 1754 4557 »
