3038 5623
1159 798 1656 862 cannitomu..
2333 792 2473 862 573

342 956 718 1020 solemniter
751 975 862 1038 per
909 956 1499 1039 Archiepiscopum,
1545 975 1698 1020 cum
1749 956 2146 1021 caeremoniis
2191 954 2262 1019 in
2301 955 2475 1037 capi-

340 1072 474 1135 tulo
510 1074 735 1137 octavo
758 1073 911 1137 libri
941 1076 994 1136 ll
1034 1071 1113 1135 de
1149 1071 1350 1135 missa
1375 1072 1649 1136 solemni
1677 1072 2003 1154 explicatis
2022 1092 2048 1150 ,·
2098 1072 2201 1135 vel
2241 1090 2317 1136 co
2356 1072 2477 1135 im-

341 1187 596 1268 pedito,
644 1189 725 1251 ab
785 1188 1152 1270 antiquiore
1202 1187 1498 1269 ejusdem
1536 1188 1881 1268 provinciae
1929 1188 2283 1269 Episcopo:
2322 1187 2476 1251 etsi

342 1303 581 1368 festum
612 1302 737 1367 erit
758 1303 993 1384 duplex
1016 1303 1121 1367 vel
1148 1303 1497 1382 dominica,
1529 1305 1667 1367 sine
1694 1304 2310 1367 commemoratione
2340 1303 2480 1367 illo-

338 1438 517 1496 rum,
546 1422 610 1484 et
647 1419 785 1483 sine
825 1419 1164 1501 evangelio
1210 1419 1552 1483 dominicae
1595 1420 1665 1482 in
1698 1420 1852 1483 fine.
1899 1423 2033 1496 Qua
2072 1419 2282 1497 finita,
2343 1437 2474 1483 non

338 1537 559 1599 tamen
590 1535 736 1598 data
786 1534 1256 1612 benedictione,
1288 1553 1434 1617 quae
1473 1535 1763 1598 daturin
1795 1535 1926 1599 fine
1968 1534 2266 1598 sessionis
2309 1553 2477 1599 scm-

339 1669 476 1732 per,
505 1649 1062 1731 ArchiepiscopuS,
1094 1649 1393 1730 depositis
1421 1650 1818 1730 paramentis
1864 1650 2231 1713 missalibus
2272 1668 2475 1733 usque

339 1764 419 1829 ad
462 1765 843 1828 tunicellam
872 1763 1207 1842 inclusive,
1239 1766 1303 1827 et
1330 1766 1588 1845 accepto
1628 1764 1891 1846 pluviali
1929 1766 2304 1847 genuflexus
2329 1767 2475 1829 ante

337 1881 535 1944 altare
589 1898 784 1961 super
815 1879 1254 1962 genuflexorio
1301 1879 1391 1942 ibi
1451 1881 1699 1960 parato,
1744 1880 2048 1943 omnibus
2087 1881 2228 1944 aliis
2278 1881 2476 1944 etiam

337 1994 943 2076 genuflectentibUS,
965 1994 1226 2076 incipiet
1253 1994 1715 2075 antiphonam:
1743 1995 2031 2073 Exaudi,
2049 1997 2326 2073 Domine,
2353 1998 2470 2059 etc.

338 2110 579 2175 Deinde
608 2110 961 2175 successive
1004 2110 1084 2174 sit
1131 2114 1322 2192 prout
1346 2110 1415 2173 in
1462 2110 1839 2174 Pontificali.
1888 2116 1959 2174 ln
2001 2112 2279 2175 sessione
2322 2130 2476 2176 vero

338 2227 402 2288 et
427 2225 654 2290 ordine
680 2226 1040 2308 proferendi
1068 2232 1236 2301 vota,
1268 2225 1745 2290 observandum
1773 2229 1869 2291 est
1899 2228 1975 2289 ut
2004 2227 2287 2309 Episcopi
2320 2246 2476 2308 prae-

340 2340 597 2420 cedant,
620 2343 803 2422 juxta
831 2341 1129 2405 ordinem
1158 2359 1389 2405 eorum
1412 2342 1859 2423 promotionis,
1892 2344 2072 2405 nullo
2093 2343 2310 2406 habito
2342 2361 2476 2407 res-

343 2458 532 2538 pectu
564 2456 643 2519 ad
686 2455 1092 2538 dignitatem,
1139 2457 1241 2520 vel
1266 2456 1828 2537 praeeminentiam
1873 2458 2320 2537 ecclesiarum3
2369 2457 2470 2521 di·

337 2571 633 2653 gnitates,
674 2572 740 2635 et
765 2571 1058 2635 canonici
1087 2570 1472 2635 cathedralis
1513 2571 1828 2649 ccclesiae,
1859 2589 2012 2634 cum
2039 2572 2475 2652 capitulariter

337 2687 698 2768 procedunt
738 2688 851 2749 aut
904 2688 1081 2767 sunt,
1136 2687 1579 2767 praeferuntur
1637 2687 1878 2750 caeteris
1918 2687 2257 2768 omnibus;
2319 2689 2474 2751 alias

338 2800 597 2866 abbates
637 2802 931 2866 titulares
977 2803 1040 2866 et
1099 2800 1407 2866 habentes
1453 2821 1650 2866 usum
1698 2801 1908 2866 mitrae
1964 2803 2365 2884 praecedunt3
2412 2805 2476 2868 et

338 2921 481 2999 post
525 2935 631 2980 eos
656 2917 1222 2996 commendatarii,
1268 2917 1502 2981 deinde
1558 2917 1926 2999 dignitateS,
1970 2935 2119 2981 mox
2174 2937 2473 2999 procura-

334 3036 503 3097 tores
530 3033 965 3115 capitulorum
1006 3032 1428 3097 ecclesiarum
1466 3032 1959 3111 cathedralium,
1993 3033 2223 3097 deinde
2263 3033 2473 3098 caeteri

334 3167 454 3232 pro
482 3151 796 3231 cujusque
821 3148 1134 3229 dignitate
1163 3150 1227 3212 et
1253 3148 1484 3230 gradu,
1512 3150 1584 3210 ut
1606 3167 1680 3211 ex
1709 3148 1901 3229 capit.
1933 3155 2008 3209 23
2031 3148 2180 3211 libri
2206 3153 2230 3211 Ι
2253 3148 2331 3212 de
2361 3167 2468 3212 or-

335 3262 488 3330 dine
516 3261 937 3326 thurificandi
967 3261 1267 3343 colligere
1316 3262 1481 3326 licet.
2199 3260 2213 3271 '

416 3376 653 3441 Eadem
696 3377 918 3441 omnia
962 3377 1095 3441 fere
1124 3359 1574 3456 observantur,
1629 3377 1879 3459 quoties
1925 3377 1996 3439 in
2043 3377 2312 3441 concilio
2354 3377 2468 3440 ha-

337 3492 531 3556 betur
571 3492 764 3555 sessio
785 3509 807 3571 3
840 3510 972 3555 non
1027 3492 1249 3555 tamen
1278 3493 1637 3556 necessaria
1679 3495 1773 3557 est
1814 3494 2123 3557 solemnis
2163 3495 2471 3575 supplica-

338 3607 451 3685 tio,
484 3607 609 3670 nisi
649 3606 860 3688 prima
883 3607 1022 3671 vice
1037 3627 1059 3688 3
1090 3609 1155 3671 et
1183 3608 1236 3671 si
1269 3609 1443 3671 ultra
1463 3610 1595 3671 tres
1624 3609 1934 3672 sessiones
1963 3611 2148 3687 fiant,
2181 3612 2470 3691 repeten-

337 3724 447 3785 tur
469 3722 692 3787 eadem
727 3722 1063 3804 evangelia
1088 3740 1232 3805 quae
1257 3723 1325 3785 in
1353 3723 1704 3787 pontificali
1738 3724 1938 3804 posita
1985 3727 2154 3786 sunt.
2188 3726 2469 3788 Durante

336 3839 558 3901 autem
586 3838 879 3912 concilio,
915 3837 1145 3902 decens
1173 3839 1269 3901 est
1309 3841 1382 3901 ut
1431 3838 1703 3919 singulis
1750 3839 1994 3920 quintis
2044 3840 2220 3902 feriis
2256 3839 2325 3902 in
2360 3857 2469 3903 ec-

334 3952 529 4016 clesia
577 3953 927 4017 cathedrali
955 3955 1252 4016 cantetur
1285 3952 1481 4016 missa
1517 3953 1822 4016 solemnis
1847 3952 1925 4017 de
1949 3954 2186 4035 Spiritu
2214 3957 2467 4033 Sancto,

336 4069 412 4130 ut
452 4068 522 4132 in
551 4067 910 4131 Tridentini
944 4067 1198 4131 concilii
1237 4066 1463 4131 eadem
1491 4084 1642 4131 sess,
1688 4075 1726 4130 2
1777 4068 2099 4131 sancitum
2127 4069 2271 4131 fuit.
2325 4069 2470 4133 offi-

335 4183 528 4247 ciales
571 4201 824 4265 quoque
854 4184 919 4246 et
943 4182 1227 4246 ministri
1262 4183 1605 4247 necessarii
1650 4183 1999 4266 deputandi
2031 4186 2186 4247 sunt
2219 4185 2286 4248 in
2336 4185 2465 4248 hu-

328 4297 616 4380 jusmodi
646 4298 959 4374 conciliiS,
989 4299 1064 4360 ut
1111 4298 1371 4378 notarii,
1417 4299 1687 4373 ostiarii,
1715 4298 2006 4380 magistri
2049 4301 2472 4364 caeremonia-

334 4431 490 4477 rum
535 4413 598 4476 et
624 4412 755 4491 alii,
782 4415 856 4476 ut
895 4412 1169 4477 habetur
1202 4414 1274 4477 in
1318 4414 1588 4477 concilio
1638 4415 1940 4479 Toletano
1990 4419 2090 4494 IV,
2121 4433 2263 4479 can.
2305 4425 2363 4478 4.
2398 4422 2470 4480 In

334 4527 466 4594 fine
503 4528 756 4593 concilii
787 4529 1219 4610 provincialis,
1244 4530 1386 4610 post
1422 4531 1563 4611 ejus
1592 4529 2140 4610 approbationem,
2165 4528 2329 4592 dicto
2355 4531 2469 4611 per
