3038 5623
411 783 686 831 concae
733 785 944 830 PROV.
986 784 1125 831 PAR
1181 784 1507 830 narrem·
1540 782 1638 831 Au
1687 770 2171 830 eamr-suine·
2224 754 2232 760 ’
2279 762 2420 833 243

323 945 353 981 a
374 925 694 1004 provinciis
733 924 1143 1005 praesentiam
1187 924 1474 1007 quodam
1519 925 1716 989 modo
1763 928 1998 990 nostrae
2040 926 2424 990 visitationis

327 1039 766 1120 »impenderes
771 1085 897 1104 .....
917 1062 950 1100 »

390 1155 549 1218 Saint
568 1155 737 1218 Leon
767 1157 1045 1237 rappelle
1068 1157 1319 1221 ensuite
1338 1157 1403 1219 la
1427 1172 1685 1219 mesure
1703 1154 1985 1218 violente
2006 1155 2427 1237 qu’Anastase

321 1270 469 1333 avait
488 1271 653 1351 prise
676 1270 712 1334 a
733 1270 972 1352 l'egard
994 1271 1150 1334 d’un
1172 1270 1429 1352 Eveque
1456 1287 1609 1333 sans
1631 1268 2116 1333 avoirconsulte
2140 1271 2200 1333 le
2221 1271 2427 1334 Saint-

318 1383 498 1465 Siege‚
532 1386 595 1448 et
630 1385 679 1447 il
710 1386 769 1448 le
806 1385 897 1447 lui
934 1385 1246 1465 reproche
1283 1384 1489 1448 ainsi:
1530 1384 1847 1447 «Etiamsi
1883 1384 2042 1465 quid
2081 1403 2276 1465 grave
2316 1386 2424 1448 in·

318 1519 345 1555 n
371 1499 897 1582 tolerandumque
927 1500 1251 1580 gessisset,
1284 1501 1503 1563 nostra
1538 1499 1676 1562 erat
1702 1498 2086 1579 expectanda
2118 1514 2426 1579 censura;

314 1632 344 1671 »
365 1615 432 1675 ut
466 1614 633 1678 nihil
673 1615 852 1695 prius
893 1614 1028 1694 ipse
1067 1614 1444 1678 decerneres
1487 1631 1687 1696 quam
1727 1613 1880 1694 quid
1925 1613 2110 1677 nobis
2156 1614 2434 1694 placeret

311 1747 337 1783 ι)
365 1740 758 1809 agnosceres.
783 1729 964 1792 Vices
992 1729 1171 1792 enim
1198 1730 1452 1793 nostras
1475 1728 1565 1791 ita
1582 1730 1713 1791 tuae
1736 1726 2128 1791 credidimus
2154 1729 2430 1807 caritati,

310 1860 337 1896 »
364 1842 527 1904 utin
565 1843 817 1924 partem
854 1843 941 1906 sis
973 1845 1238 1906 vocatus
1275 1840 1747 1920 sollicitudinis,
1787 1860 1920 1905 non
1964 1843 2034 1906 in
2079 1843 2430 1923 plenitudi-

305 1977 332 2011 π
359 1972 504 2019 nem
534 1957 890 2038 potestatis,
915 1979 950 2017 n

373 2072 519 2135 L’an
552 2079 702 2149 446,
746 2073 916 2136 saint
943 2070 1110 2136 Leon
1149 2073 1427 2137 termine
1463 2072 1630 2135 ainsi
1667 2088 1740 2135 sa
1767 2071 1954 2134 lettre
1993 2090 2119 2134 aux
2145 2073 2433 2154 Eveques

303 2183 371 2248 de
401 2187 462 2249 la
481 2188 879 2252 Mauritanie
916 2187 996 2251 de
1022 2186 1281 2251 cesaree
1309 2206 1392 2251 en
1418 2187 1712 2267 Afrique,
1744 2187 1806 2248 la
1834 2193 1932 2248 12·
1958 2185 2119 2248 dans
2145 2186 2434 2250 l'edition

299 2301 544 2381 Migne:
582 2304 697 2365 «Si
724 2320 866 2383 quae
893 2320 1044 2365 vero
1078 2303 1219 2364 aliae
1247 2302 1633 2365 emerserint
1655 2318 1866 2364 causae
1901 2318 2048 2383 quae
2087 2301 2164 2363 ad
2193 2303 2435 2364 statum

295 2435 323 2471 υ
350 2416 859 2479 ecclesiasticum
905 2418 970 2479 et
1008 2416 1089 2479 ad
1135 2416 1547 2480 concordiam
1591 2416 1957 2496 pertineant
2003 2416 2430 2494 sacerdotum,

289 2548 320 2584 ι)
345 2528 474 2593 illie
509 2532 644 2594 sub
684 2530 921 2592 timore
960 2531 1221 2594 Domini
1258 2531 1557 2594 volumus
1595 2531 2014 2609 ventilentur,
2049 2533 2112 2593 et
2142 2531 2219 2594 de
2258 2549 2433 2595 com-

284 2661 312 2699 »
339 2645 663 2722 ponendis
706 2645 897 2727 atque
937 2645 1307 2725 compositis
1341 2646 1650 2708 omnibus
1692 2646 1772 2708 ad
1815 2663 1933 2709 nos
1981 2648 2205 2709 relatio
2237 2647 2431 2726 plena

279 2777 305 2814 υ
333 2759 671 2836 mittatur,
714 2760 787 2821 ut
816 2777 891 2823 ea
929 2776 1073 2841 quae
1109 2762 1292 2841 juxta
1328 2760 1832 2825 ecclesiasticum
1870 2778 2123 2826 morem
2158 2763 2329 2843 juste
2365 2763 2429 2825 et

277 2892 308 2929 »
334 2874 829 2938 rationabiliter
858 2874 1102 2937 fuerint
1129 2874 1414 2953 definita,
1444 2885 1662 2939 nostra
1690 2895 1943 2958 quoque
1973 2877 2284 2939 sententia
2315 2894 2429 2939 ro—

269 3006 299 3042 »
329 2988 689 3053 horentur.
713 3009 745 3047 n
796 2991 1113 3067 (OEuvres
1152 2989 1232 3052 de
1277 2989 1447 3055 saint
1479 2989 1683 3068 Leon,
1733 2986 1972 3053 edition
2006 2991 2244 3070 Migne,
2286 2992 2335 3051 t.
2377 2995 2424 3068 Ι,

265 3119 324 3179 p.
355 3110 530 3184 656.)

339 3222 501 3300 Vers
545 3222 699 3285 l'an
739 3228 888 3296 462,
939 3221 996 3284 le
1041 3237 1201 3300 pape
1235 3219 1451 3282 Hilare
1494 3233 1562 3281 se
1604 3218 1810 3298 plaint
1852 3216 2016 3279 ainsi
2056 3216 2133 3279 de
2182 3234 2255 3279 ce
2300 3233 2427 3299 que

260 3334 540 3416 Leonce,
581 3336 1004 3417 archeveque
1036 3334 1309 3410 d'Arles,
1353 3352 1436 3396 ne
1471 3333 1555 3395 l’a
1592 3349 1704 3413 pas
1744 3330 2022 3393 informe
2059 3330 2138 3394 de
2180 3333 2242 3394 la
2285 3349 2428 3395 ma->

257 3451 436 3516 niere
469 3453 653 3517 dont
681 3451 957 3515 Hermes
983 3449 1136 3515 etait
1157 3448 1376 3513 monte
1402 3467 1516 3511 sur
1538 3448 1600 3511 le
1632 3445 1804 3528 siege
1832 3445 2146 3528 episcopal
2170 3447 2248 3511 de
2273 3453 2429 3512 Nar-

250 3561 472 3631 bonne
499 3587 519 3631 :
801 3631 804 3633 ,

335 3682 748 3746 «Miramur
779 3678 1250 3742 fraternitatem
1280 3678 1467 3739 tuam·
1501 3674 1590 3739 ita
1620 3676 1781 3756 legis
1817 3676 2146 3739 catholicae
2190 3676 2423 3738 imme-

242 3815 272 3852 »
302 3812 579 3860 morem
629 3810 809 3868 esse,
844 3792 919 3855 ut
948 3808 1219 3873 quaeque
1257 3791 1484 3872 iniqua
1519 3793 1584 3853 et
1618 3793 1841 3853 contra
1881 3792 2138 3870 patrum
2179 3792 2427 3853 nostro-

235 3930 266 3967 »
296 3929 459 3974 rum
492 3909 812 3984 statuta,
845 3907 917 3968 in
950 3906 1277 3986 provincia
1304 3923 1448 3986 quae
1475 3905 1555 3968 ad
1584 3905 2035 3968 monarchiam
2066 3908 2249 3967 tuam
2279 3923 2425 3985 per-

233 4041 265 4081 »
297 4024 496 4103 tinet,
554 4025 620 4087 si
678 4022 825 4101 ipse
873 4021 988 4082 aut
1030 4038 1164 4083 non
1204 4020 1303 4082 vis
1352 4020 1464 4082 aut
1504 4036 1638 4081 non
1677 4020 1876 4099 poteS,
1918 4019 2112 4082 etiam
2156 4037 2274 4083 nec
2316 4038 2431 4084 nos

227 4161 256 4194 ¹>
291 4139 559 4202 silentii
597 4135 717 4200 tui
748 4134 1187 4197 taciturnitate
1213 4134 1547 4215 permittas
1574 4134 1969 4215 corrigere...
2002 4135 2431 4214 cognovimus

222 4274 252 4310 ι)
284 4254 474 4335 quod
500 4248 963 4333 iniquissima
981 4248 1401 4328 usurpatione
1421 4247 1691 4330 quidam
1705 4253 1969 4312 Hermes
1995 4247 2430 4330 episcopatum

227 4391 252 4424 ι
281 4368 595 4434 civitatis
641 4362 1105 4429 Narbonensis
1145 4363 1483 4426 execrabili
1525 4363 1884 4426 temeritate
1925 4365 2424 4445 praesumpserit.

218 4501 252 4541 ›>
279 4486 511 4560 Quam
551 4496 739 4545 rem
771 4476 1074 4542 decuerat
1099 4477 1512 4542 sanctitatem
1543 4478 1723 4540 tuam
1756 4478 1827 4540 ut
1857 4480 2041 4543 nobis
2071 4480 2141 4542 in
2173 4477 2427 4558 vestigio
